
  <marc:record source="1999-BNB-Germany-Gunter-Grass.xml">
    <marc:leader>00532nam a22001813  4500</marc:leader>
    <marc:controlfield tag="001">014144715</marc:controlfield>
    <marc:controlfield tag="003">Uk</marc:controlfield>
    <marc:controlfield tag="005">20071019155325.0</marc:controlfield>
    <marc:controlfield tag="008">060916s1974    gw ||||       ||| ||ger  </marc:controlfield>
    <marc:datafield tag="020" ind1=" " ind2=" ">
      <marc:subfield code="a">3472863870</marc:subfield>
    </marc:datafield>
    <marc:datafield tag="040" ind1=" " ind2=" ">
      <marc:subfield code="a">Uk</marc:subfield>
      <marc:subfield code="b">eng</marc:subfield>
      <marc:subfield code="c">Uk</marc:subfield>
    </marc:datafield>
    <marc:datafield tag="100" ind1="1" ind2=" ">
      <marc:subfield code="a">Grass, Günter</marc:subfield>
      <marc:subfield code="d">1927-2015.</marc:subfield>
      <marc:subfield code="1p">http://viaf.org/viaf/102319859</marc:subfield>
    </marc:datafield>
    <marc:datafield tag="240" ind1="1" ind2="0">
      <marc:subfield code="a">Der Bürger und seine Stimme</marc:subfield>
      <marc:subfield code="1w">http://oslomet.workid.no/gg/09</marc:subfield>
      <marc:subfield code="2">generated from 245</marc:subfield>
    </marc:datafield>
    <marc:datafield tag="245" ind1="1" ind2="4">
      <marc:subfield code="a">Der Bürger und seine Stimme :</marc:subfield>
      <marc:subfield code="b">Reden, Aufsätze, Kommentare.</marc:subfield>
    </marc:datafield>
    <marc:datafield tag="260" ind1=" " ind2=" ">
      <marc:subfield code="a">Luchterhand Darmstadt :</marc:subfield>
      <marc:subfield code="b">Die Zeit,</marc:subfield>
      <marc:subfield code="c">1974.</marc:subfield>
    </marc:datafield>
    <marc:datafield tag="336" ind1=" " ind2=" ">
      <marc:subfield code="a">text</marc:subfield>
      <marc:subfield code="2">rdacontent</marc:subfield>
    </marc:datafield>
    <marc:datafield tag="337" ind1=" " ind2=" ">
      <marc:subfield code="a">unmediated</marc:subfield>
      <marc:subfield code="2">rdamedia</marc:subfield>
    </marc:datafield>
    <marc:datafield tag="338" ind1=" " ind2=" ">
      <marc:subfield code="a">volume</marc:subfield>
      <marc:subfield code="2">rdacarrier</marc:subfield>
    </marc:datafield>
    <marc:datafield tag="852" ind1="4" ind2=" ">
      <marc:subfield code="a">British Library</marc:subfield>
      <marc:subfield code="b">DSC</marc:subfield>
      <marc:subfield code="j">F1/7876</marc:subfield>
    </marc:datafield>
  </marc:record>