
  <marc:record source="1999-BNB-Germany-Gunter-Grass.xml">
    <marc:leader>00572nam a22001933  4500</marc:leader>
    <marc:controlfield tag="001">014144743</marc:controlfield>
    <marc:controlfield tag="003">Uk</marc:controlfield>
    <marc:controlfield tag="005">20071019155326.0</marc:controlfield>
    <marc:controlfield tag="008">060916s1969    |||||||       ||| ||eng  </marc:controlfield>
    <marc:datafield tag="020" ind1=" " ind2=" ">
      <marc:subfield code="a">0436187876</marc:subfield>
    </marc:datafield>
    <marc:datafield tag="040" ind1=" " ind2=" ">
      <marc:subfield code="a">Uk</marc:subfield>
      <marc:subfield code="b">eng</marc:subfield>
      <marc:subfield code="c">Uk</marc:subfield>
    </marc:datafield>
    <marc:datafield tag="100" ind1="1" ind2=" ">
      <marc:subfield code="a">Grass, Günter</marc:subfield>
      <marc:subfield code="d">1927-2015.</marc:subfield>
      <marc:subfield code="1p">http://viaf.org/viaf/102319859</marc:subfield>
    </marc:datafield>
    <marc:datafield tag="240" ind1="1" ind2="0">
      <marc:subfield code="a">Über das Selbstverständliche. Reden – Aufsätze – Offene
                    Briefe – Kommentare</marc:subfield>
      <marc:subfield code="1w">http://oslomet.workid.no/gg/23</marc:subfield>
      <marc:subfield code="2">generated from 245</marc:subfield>
      <marc:subfield code="l">eng</marc:subfield>
    </marc:datafield>
    <marc:datafield tag="245" ind1="1" ind2="0">
      <marc:subfield code="a">Speak out :</marc:subfield>
      <marc:subfield code="b">Speeches, open letters, commentaries /</marc:subfield>
      <marc:subfield code="c">Trans Manheim, Ralph.</marc:subfield>
    </marc:datafield>
    <marc:datafield tag="260" ind1=" " ind2=" ">
      <marc:subfield code="a">[S.l.] :</marc:subfield>
      <marc:subfield code="b">Secker and Warburg,</marc:subfield>
      <marc:subfield code="c">1969.</marc:subfield>
    </marc:datafield>
    <marc:datafield tag="336" ind1=" " ind2=" ">
      <marc:subfield code="a">text</marc:subfield>
      <marc:subfield code="2">rdacontent</marc:subfield>
    </marc:datafield>
    <marc:datafield tag="337" ind1=" " ind2=" ">
      <marc:subfield code="a">unmediated</marc:subfield>
      <marc:subfield code="2">rdamedia</marc:subfield>
    </marc:datafield>
    <marc:datafield tag="338" ind1=" " ind2=" ">
      <marc:subfield code="a">volume</marc:subfield>
      <marc:subfield code="2">rdacarrier</marc:subfield>
    </marc:datafield>
    <marc:datafield tag="700" ind1="1" ind2=" ">
      <marc:subfield code="a">Manheim, Ralph</marc:subfield>
      <marc:subfield code="4">trl</marc:subfield>
      <marc:subfield code="1p">ralphmanheim</marc:subfield>
    </marc:datafield>
    <marc:datafield tag="852" ind1="4" ind2=" ">
      <marc:subfield code="a">British Library</marc:subfield>
      <marc:subfield code="b">DSC</marc:subfield>
      <marc:subfield code="j">75/2064</marc:subfield>
    </marc:datafield>
  </marc:record>