
  <marc:record source="1999-BNB-Germany-Gunter-Grass.xml">
    <marc:leader>00790nam a22002777a 4500</marc:leader>
    <marc:controlfield tag="001">013556396</marc:controlfield>
    <marc:controlfield tag="003">Uk</marc:controlfield>
    <marc:controlfield tag="005">20070116144533.0</marc:controlfield>
    <marc:controlfield tag="008">060818s2006    gw a          000 0ager d</marc:controlfield>
    <marc:datafield tag="020" ind1=" " ind2=" ">
      <marc:subfield code="a">3865213308</marc:subfield>
    </marc:datafield>
    <marc:datafield tag="024" ind1="3" ind2=" ">
      <marc:subfield code="a">9783865213303</marc:subfield>
    </marc:datafield>
    <marc:datafield tag="035" ind1=" " ind2=" ">
      <marc:subfield code="a">(GyWOH)har060070415</marc:subfield>
    </marc:datafield>
    <marc:datafield tag="040" ind1=" " ind2=" ">
      <marc:subfield code="a">GyWOH</marc:subfield>
      <marc:subfield code="b">eng</marc:subfield>
      <marc:subfield code="c">GyWOH</marc:subfield>
      <marc:subfield code="d">Uk</marc:subfield>
    </marc:datafield>
    <marc:datafield tag="072" ind1=" " ind2="7">
      <marc:subfield code="a">PT</marc:subfield>
      <marc:subfield code="2">lcco</marc:subfield>
    </marc:datafield>
    <marc:datafield tag="100" ind1="1" ind2=" ">
      <marc:subfield code="a">Grass, Günter</marc:subfield>
      <marc:subfield code="d">1927-2015.</marc:subfield>
      <marc:subfield code="1p">http://viaf.org/viaf/102319859</marc:subfield>
    </marc:datafield>
    <marc:datafield tag="240" ind1="1" ind2="0">
      <marc:subfield code="a">Beim Häuten der Zwiebel</marc:subfield>
      <marc:subfield code="1w">http://www.wikidata.org/entity/Q814761</marc:subfield>
      <marc:subfield code="2">generated from 245</marc:subfield>
    </marc:datafield>
    <marc:datafield tag="245" ind1="1" ind2="0">
      <marc:subfield code="a">Beim Häuten der Zwiebel /</marc:subfield>
      <marc:subfield code="c">Günter Grass.</marc:subfield>
    </marc:datafield>
    <marc:datafield tag="250" ind1=" " ind2=" ">
      <marc:subfield code="a">1. Aufl.</marc:subfield>
    </marc:datafield>
    <marc:datafield tag="260" ind1=" " ind2=" ">
      <marc:subfield code="a">Göttingen :</marc:subfield>
      <marc:subfield code="b">Steidl,</marc:subfield>
      <marc:subfield code="c">2006.</marc:subfield>
    </marc:datafield>
    <marc:datafield tag="300" ind1=" " ind2=" ">
      <marc:subfield code="a">479 p. :</marc:subfield>
      <marc:subfield code="b">ill. ;</marc:subfield>
      <marc:subfield code="c">21 cm.</marc:subfield>
    </marc:datafield>
    <marc:datafield tag="336" ind1=" " ind2=" ">
      <marc:subfield code="a">text</marc:subfield>
      <marc:subfield code="2">rdacontent</marc:subfield>
    </marc:datafield>
    <marc:datafield tag="337" ind1=" " ind2=" ">
      <marc:subfield code="a">unmediated</marc:subfield>
      <marc:subfield code="2">rdamedia</marc:subfield>
    </marc:datafield>
    <marc:datafield tag="338" ind1=" " ind2=" ">
      <marc:subfield code="a">volume</marc:subfield>
      <marc:subfield code="2">rdacarrier</marc:subfield>
    </marc:datafield>
    <marc:datafield tag="500" ind1=" " ind2=" ">
      <marc:subfield code="a">Memoirs.</marc:subfield>
    </marc:datafield>
    <marc:datafield tag="600" ind1="1" ind2="0">
      <marc:subfield code="a">Grass, Günter</marc:subfield>
      <marc:subfield code="d">1927-2015.</marc:subfield>
      <marc:subfield code="1p">http://viaf.org/viaf/102319859</marc:subfield>
    </marc:datafield>
    
    <marc:datafield tag="852" ind1="4" ind2="1">
      <marc:subfield code="a">British Library</marc:subfield>
      <marc:subfield code="b">HMNTS</marc:subfield>
      <marc:subfield code="j">YF.2007.a.1517</marc:subfield>
    </marc:datafield>
  </marc:record>