
  <marc:record source="1999-BNB-Germany-Gunter-Grass.xml">
    <marc:leader>00772 am a2200265ua 4500</marc:leader>
    <marc:controlfield tag="001">012528082</marc:controlfield>
    <marc:controlfield tag="005">20150415203400.0</marc:controlfield>
    <marc:controlfield tag="008">940323s1993    gw a    |     000 p ger d</marc:controlfield>
    <marc:datafield tag="019" ind1="1" ind2=" ">
      <marc:subfield code="a">oc28818080</marc:subfield>
    </marc:datafield>
    <marc:datafield tag="020" ind1=" " ind2=" ">
      <marc:subfield code="a">3882432578</marc:subfield>
    </marc:datafield>
    <marc:datafield tag="040" ind1=" " ind2=" ">
      <marc:subfield code="a">FBF</marc:subfield>
      <marc:subfield code="b">fre</marc:subfield>
      <marc:subfield code="c">DLC</marc:subfield>
      <marc:subfield code="d">BLX</marc:subfield>
      <marc:subfield code="d">Uk</marc:subfield>
    </marc:datafield>
    <marc:datafield tag="050" ind1="0" ind2="0">
      <marc:subfield code="a">PT2613.R338</marc:subfield>
    </marc:datafield>
    <marc:datafield tag="082" ind1="0" ind2="4">
      <marc:subfield code="a">831/.914</marc:subfield>
      <marc:subfield code="2">20</marc:subfield>
    </marc:datafield>
    <marc:datafield tag="100" ind1="1" ind2=" ">
      <marc:subfield code="a">Grass, Günter</marc:subfield>
      <marc:subfield code="d">1927-2015.</marc:subfield>
      <marc:subfield code="1p">http://viaf.org/viaf/102319859</marc:subfield>
    </marc:datafield>
    <marc:datafield tag="240" ind1="1" ind2="0">
      <marc:subfield code="a">Novemberland. 13 Sonette</marc:subfield>
      <marc:subfield code="1w">http://oslomet.workid.no/gg/13</marc:subfield>
      <marc:subfield code="2">generated from 245</marc:subfield>
    </marc:datafield>
    <marc:datafield tag="245" ind1="1" ind2="0">
      <marc:subfield code="a">Novemberland :</marc:subfield>
      <marc:subfield code="b">13 Sonette /</marc:subfield>
      <marc:subfield code="c">Günter Grass.</marc:subfield>
    </marc:datafield>
    <marc:datafield tag="250" ind1=" " ind2=" ">
      <marc:subfield code="a">3. Aufl.</marc:subfield>
    </marc:datafield>
    <marc:datafield tag="260" ind1=" " ind2=" ">
      <marc:subfield code="a">Göttingen :</marc:subfield>
      <marc:subfield code="b">Steidl,</marc:subfield>
      <marc:subfield code="c">1993.</marc:subfield>
    </marc:datafield>
    <marc:datafield tag="300" ind1=" " ind2=" ">
      <marc:subfield code="a">31 p. :</marc:subfield>
      <marc:subfield code="b">ill. ;</marc:subfield>
      <marc:subfield code="c">23 cm.</marc:subfield>
    </marc:datafield>
    <marc:datafield tag="336" ind1=" " ind2=" ">
      <marc:subfield code="a">text</marc:subfield>
      <marc:subfield code="2">rdacontent</marc:subfield>
    </marc:datafield>
    <marc:datafield tag="337" ind1=" " ind2=" ">
      <marc:subfield code="a">unmediated</marc:subfield>
      <marc:subfield code="2">rdamedia</marc:subfield>
    </marc:datafield>
    <marc:datafield tag="338" ind1=" " ind2=" ">
      <marc:subfield code="a">volume</marc:subfield>
      <marc:subfield code="2">rdacarrier</marc:subfield>
    </marc:datafield>
    <marc:datafield tag="653" ind1=" " ind2=" ">
      <marc:subfield code="a">Poetry in German</marc:subfield>
      <marc:subfield code="a">1945-</marc:subfield>
      <marc:subfield code="a">Texts</marc:subfield>
    </marc:datafield>
    <marc:datafield tag="886" ind1="2" ind2=" ">
      <marc:subfield code="2">blmarc</marc:subfield>
      <marc:subfield code="a">010</marc:subfield>
      <marc:subfield code="b">00</marc:subfield>
      <marc:subfield code="a">94135530</marc:subfield>
    </marc:datafield>
    <marc:datafield tag="852" ind1="4" ind2="1">
      <marc:subfield code="a">British Library</marc:subfield>
      <marc:subfield code="b">HMNTS</marc:subfield>
      <marc:subfield code="j">YA.1995.b.10098</marc:subfield>
    </marc:datafield>
  </marc:record>