
  <marc:record source="1999-BNB-Germany-Gunter-Grass.xml">
    <marc:leader>01280 am a22003253u 4500</marc:leader>
    <marc:controlfield tag="001">007682479</marc:controlfield>
    <marc:controlfield tag="005">20150415203200.0</marc:controlfield>
    <marc:controlfield tag="008">721006r19721966enk    ||     000 d|eng  </marc:controlfield>
    <marc:datafield tag="015" ind1=" " ind2=" ">
      <marc:subfield code="a">GB7226229</marc:subfield>
      <marc:subfield code="2">bnb</marc:subfield>
    </marc:datafield>
    <marc:datafield tag="019" ind1="y" ind2=" ">
      <marc:subfield code="a">B7226229</marc:subfield>
    </marc:datafield>
    <marc:datafield tag="019" ind1="9" ind2=" ">
      <marc:subfield code="a">0140481206</marc:subfield>
    </marc:datafield>
    <marc:datafield tag="020" ind1=" " ind2=" ">
      <marc:subfield code="a">0140481206 (pbk) :</marc:subfield>
      <marc:subfield code="c">£0.25</marc:subfield>
    </marc:datafield>
    <marc:datafield tag="040" ind1=" " ind2=" ">
      <marc:subfield code="a">Uk</marc:subfield>
      <marc:subfield code="c">Uk</marc:subfield>
    </marc:datafield>
    <marc:datafield tag="041" ind1="1" ind2=" ">
      <marc:subfield code="a">eng</marc:subfield>
      <marc:subfield code="h">ger</marc:subfield>
    </marc:datafield>
    <marc:datafield tag="082" ind1="0" ind2="4">
      <marc:subfield code="a">832/.9/14</marc:subfield>
      <marc:subfield code="2">18</marc:subfield>
    </marc:datafield>
    <marc:datafield tag="100" ind1="1" ind2=" ">
      <marc:subfield code="a">Grass, Günter</marc:subfield>
      <marc:subfield code="d">1927-2015.</marc:subfield>
      <marc:subfield code="1p">http://viaf.org/viaf/102319859</marc:subfield>
    </marc:datafield>
    <marc:datafield tag="240" ind1="1" ind2="4">
      <marc:subfield code="a">Die Plebejer proben den Aufstand</marc:subfield>
      <marc:subfield code="1w">http://oslomet.workid.no/gg/06</marc:subfield>
      <marc:subfield code="l">eng</marc:subfield>
    </marc:datafield>
    <marc:datafield tag="245" ind1="1" ind2="4">
      <marc:subfield code="a">The plebeians rehearse the uprising :</marc:subfield>
      <marc:subfield code="b">a German tragedy /</marc:subfield>
      <marc:subfield code="c">Günter Grass ; with an introductory address by the author ; translated by Ralph Manheim.</marc:subfield>
    </marc:datafield>
    <marc:datafield tag="260" ind1=" " ind2=" ">
      <marc:subfield code="a">Harmondsworth :</marc:subfield>
      <marc:subfield code="b">Penguin,</marc:subfield>
      <marc:subfield code="c">1972.</marc:subfield>
    </marc:datafield>
    <marc:datafield tag="300" ind1=" " ind2=" ">
      <marc:subfield code="a">122p. ;</marc:subfield>
      <marc:subfield code="c">19cm.</marc:subfield>
    </marc:datafield>
    <marc:datafield tag="336" ind1=" " ind2=" ">
      <marc:subfield code="a">text</marc:subfield>
      <marc:subfield code="2">rdacontent</marc:subfield>
    </marc:datafield>
    <marc:datafield tag="337" ind1=" " ind2=" ">
      <marc:subfield code="a">unmediated</marc:subfield>
      <marc:subfield code="2">rdamedia</marc:subfield>
    </marc:datafield>
    <marc:datafield tag="338" ind1=" " ind2=" ">
      <marc:subfield code="a">volume</marc:subfield>
      <marc:subfield code="2">rdacarrier</marc:subfield>
    </marc:datafield>
    <marc:datafield tag="490" ind1="0" ind2=" ">
      <marc:subfield code="a">Penguin plays</marc:subfield>
    </marc:datafield>
    <marc:datafield tag="500" ind1=" " ind2=" ">
      <marc:subfield code="a">This translation originally published, New York: Harcourt, Brace and World, 1966; London: Secker and Warburg, 1967. - Translation of 'Die Plebejer proben den Aufstand'. Berlin: Luchterhand, 1966.</marc:subfield>
    </marc:datafield>
    
    
    <marc:datafield tag="653" ind1=" " ind2=" ">
      <marc:subfield code="a">Drama in German, 1945-</marc:subfield>
      <marc:subfield code="a">English texts</marc:subfield>
    </marc:datafield>
    <marc:datafield tag="700" ind1="1" ind2=" ">
      <marc:subfield code="a">Manheim, Ralph</marc:subfield>
      <marc:subfield code="4">trl</marc:subfield>
      <marc:subfield code="d">1907-1992.</marc:subfield>
      <marc:subfield code="1p">http://viaf.org/viaf/9864901</marc:subfield>
    </marc:datafield>
    <marc:datafield tag="852" ind1="4" ind2=" ">
      <marc:subfield code="a">British Library</marc:subfield>
      <marc:subfield code="b">DSC</marc:subfield>
      <marc:subfield code="j">X22/1692</marc:subfield>
    </marc:datafield>
  </marc:record>