
  <marc:record source="1999-BNB-Germany-Gunter-Grass.xml">
    <marc:leader>00704 am a2200241ui 4500</marc:leader>
    <marc:controlfield tag="001">012062148</marc:controlfield>
    <marc:controlfield tag="005">20150415203300.0</marc:controlfield>
    <marc:controlfield tag="008">800209s1979    gw     ||     000 1|ger  </marc:controlfield>
    <marc:datafield tag="019" ind1="1" ind2=" ">
      <marc:subfield code="a">347286480x</marc:subfield>
    </marc:datafield>
    <marc:datafield tag="020" ind1=" " ind2=" ">
      <marc:subfield code="a">347286480X</marc:subfield>
    </marc:datafield>
    <marc:datafield tag="040" ind1=" " ind2=" ">
      <marc:subfield code="a">Uk</marc:subfield>
      <marc:subfield code="c">Uk</marc:subfield>
    </marc:datafield>
    <marc:datafield tag="082" ind1="0" ind2="4">
      <marc:subfield code="a">833/.9/1</marc:subfield>
      <marc:subfield code="2">18</marc:subfield>
    </marc:datafield>
    <marc:datafield tag="100" ind1="1" ind2=" ">
      <marc:subfield code="a">Grass, Günter</marc:subfield>
      <marc:subfield code="d">1927-2015.</marc:subfield>
      <marc:subfield code="1p">http://viaf.org/viaf/102319859</marc:subfield>
    </marc:datafield>
    <marc:datafield tag="240" ind1="1" ind2="0">
      <marc:subfield code="a">Das Treffen in Telgte</marc:subfield>
      <marc:subfield code="1w">http://www.wikidata.org/entity/Q320933</marc:subfield>
      <marc:subfield code="2">generated from 245</marc:subfield>
    </marc:datafield>
    <marc:datafield tag="245" ind1="1" ind2="4">
      <marc:subfield code="a">Das Treffen in Telgte :</marc:subfield>
      <marc:subfield code="b">eine Erzählung /</marc:subfield>
      <marc:subfield code="c">Günter Grass.</marc:subfield>
    </marc:datafield>
    <marc:datafield tag="260" ind1=" " ind2=" ">
      <marc:subfield code="a">Darmstadt :</marc:subfield>
      <marc:subfield code="b">Luchterhand,</marc:subfield>
      <marc:subfield code="c">[1979]</marc:subfield>
    </marc:datafield>
    <marc:datafield tag="300" ind1=" " ind2=" ">
      <marc:subfield code="a">182p. ;</marc:subfield>
      <marc:subfield code="c">21cm.</marc:subfield>
    </marc:datafield>
    <marc:datafield tag="336" ind1=" " ind2=" ">
      <marc:subfield code="a">text</marc:subfield>
      <marc:subfield code="2">rdacontent</marc:subfield>
    </marc:datafield>
    <marc:datafield tag="337" ind1=" " ind2=" ">
      <marc:subfield code="a">unmediated</marc:subfield>
      <marc:subfield code="2">rdamedia</marc:subfield>
    </marc:datafield>
    <marc:datafield tag="338" ind1=" " ind2=" ">
      <marc:subfield code="a">volume</marc:subfield>
      <marc:subfield code="2">rdacarrier</marc:subfield>
    </marc:datafield>
    
    <marc:datafield tag="653" ind1=" " ind2=" ">
      <marc:subfield code="a">Fiction in German</marc:subfield>
      <marc:subfield code="a">1900-</marc:subfield>
      <marc:subfield code="a">Texts</marc:subfield>
    </marc:datafield>
    <marc:datafield tag="852" ind1="4" ind2="1">
      <marc:subfield code="a">British Library</marc:subfield>
      <marc:subfield code="b">HMNTS</marc:subfield>
      <marc:subfield code="j">X.989/81139</marc:subfield>
    </marc:datafield>
  </marc:record>