
  <marc:record source="1999-BNB-Germany-Gunter-Grass.xml">
    <marc:leader>01660nam a2200433 a 4500</marc:leader>
    <marc:controlfield tag="001">017162753</marc:controlfield>
    <marc:controlfield tag="003">Uk</marc:controlfield>
    <marc:controlfield tag="005">20150511085251.0</marc:controlfield>
    <marc:controlfield tag="008">150220s2014    gw ac         000 0ager d</marc:controlfield>
    <marc:datafield tag="020" ind1=" " ind2=" ">
      <marc:subfield code="a">9783869308319 (cl.)</marc:subfield>
    </marc:datafield>
    <marc:datafield tag="020" ind1=" " ind2=" ">
      <marc:subfield code="a">3869308311 (cl.)</marc:subfield>
    </marc:datafield>
    <marc:datafield tag="024" ind1="3" ind2=" ">
      <marc:subfield code="a">9783869308319</marc:subfield>
    </marc:datafield>
    <marc:datafield tag="035" ind1=" " ind2=" ">
      <marc:subfield code="a">(OCoLC)903890597</marc:subfield>
    </marc:datafield>
    <marc:datafield tag="040" ind1=" " ind2=" ">
      <marc:subfield code="a">OHX</marc:subfield>
      <marc:subfield code="b">eng</marc:subfield>
      <marc:subfield code="c">OHX</marc:subfield>
      <marc:subfield code="d">JPG</marc:subfield>
      <marc:subfield code="d">IXA</marc:subfield>
      <marc:subfield code="d">OCLCA</marc:subfield>
      <marc:subfield code="d">UK</marc:subfield>
    </marc:datafield>
    <marc:datafield tag="042" ind1=" " ind2=" ">
      <marc:subfield code="a">ukblderived</marc:subfield>
    </marc:datafield>
    <marc:datafield tag="043" ind1=" " ind2=" ">
      <marc:subfield code="a">e-gx---</marc:subfield>
    </marc:datafield>
    <marc:datafield tag="050" ind1=" " ind2="4">
      <marc:subfield code="a">NX550.Z9</marc:subfield>
      <marc:subfield code="b">G7337x 2014</marc:subfield>
    </marc:datafield>
    <marc:datafield tag="050" ind1=" " ind2="4">
      <marc:subfield code="a">PT2613.R338</marc:subfield>
    </marc:datafield>
    <marc:datafield tag="072" ind1=" " ind2="7">
      <marc:subfield code="a">PT</marc:subfield>
      <marc:subfield code="2">lcco</marc:subfield>
    </marc:datafield>
    <marc:datafield tag="072" ind1=" " ind2="7">
      <marc:subfield code="a">N</marc:subfield>
      <marc:subfield code="2">lcco</marc:subfield>
    </marc:datafield>
    <marc:datafield tag="100" ind1="1" ind2=" ">
      <marc:subfield code="a">Grass, Günter</marc:subfield>
      <marc:subfield code="d">1927-2015.</marc:subfield>
      <marc:subfield code="1p">http://viaf.org/viaf/102319859</marc:subfield>
    </marc:datafield>
    <marc:datafield tag="240" ind1="1" ind2="0">
      <marc:subfield code="a">Sechs Jahrzehnte</marc:subfield>
      <marc:subfield code="1w">http://viaf.org/viaf/1659148997630759870001</marc:subfield>
      <marc:subfield code="2">generated from 245</marc:subfield>
    </marc:datafield>
    <marc:datafield tag="245" ind1="1" ind2="0">
      <marc:subfield code="a">Sechs Jahrzehnte :</marc:subfield>
      <marc:subfield code="b">ein Werkstattbericht /</marc:subfield>
      <marc:subfield code="c">Günter Grass ; herausgegeben von G. Fritz Margull und Hilke Ohsoling.</marc:subfield>
    </marc:datafield>
    <marc:datafield tag="250" ind1=" " ind2=" ">
      <marc:subfield code="a">1. Aufl.</marc:subfield>
    </marc:datafield>
    <marc:datafield tag="260" ind1=" " ind2=" ">
      <marc:subfield code="a">Göttingen :</marc:subfield>
      <marc:subfield code="b">Steidl,</marc:subfield>
      <marc:subfield code="c">2014.</marc:subfield>
    </marc:datafield>
    <marc:datafield tag="300" ind1=" " ind2=" ">
      <marc:subfield code="a">607 p. :</marc:subfield>
      <marc:subfield code="b">ill. (some col.), ports. ;</marc:subfield>
      <marc:subfield code="c">25 cm.</marc:subfield>
    </marc:datafield>
    <marc:datafield tag="336" ind1=" " ind2=" ">
      <marc:subfield code="a">text</marc:subfield>
      <marc:subfield code="2">rdacontent</marc:subfield>
    </marc:datafield>
    <marc:datafield tag="337" ind1=" " ind2=" ">
      <marc:subfield code="a">unmediated</marc:subfield>
      <marc:subfield code="2">rdamedia</marc:subfield>
    </marc:datafield>
    <marc:datafield tag="338" ind1=" " ind2=" ">
      <marc:subfield code="a">volume</marc:subfield>
      <marc:subfield code="2">rdacarrier</marc:subfield>
    </marc:datafield>
    <marc:datafield tag="500" ind1=" " ind2=" ">
      <marc:subfield code="a">Collection of texts partly published previously.</marc:subfield>
    </marc:datafield>
    <marc:datafield tag="500" ind1=" " ind2=" ">
      <marc:subfield code="a">First part (until p. 346) is an updated version of "Vier Jahrzehnte", published by Steidl in 1991; the text until p. 419 was already published in 2001 with a selection of illustrations on the occasion of the "Welttag des Buches" 2001 as "Fünf Jahrzehnte".</marc:subfield>
    </marc:datafield>
    <marc:datafield tag="600" ind1="1" ind2="0">
      <marc:subfield code="a">Grass, Günter</marc:subfield>
      <marc:subfield code="d">1927-2015.</marc:subfield>
      <marc:subfield code="1p">http://viaf.org/viaf/102319859</marc:subfield>
    </marc:datafield>
    <marc:datafield tag="600" ind1="1" ind2="0">
      <marc:subfield code="a">Grass, Günter</marc:subfield>
      <marc:subfield code="d">1927-2015</marc:subfield>
      <marc:subfield code="v">Pictorial works.</marc:subfield>
      <marc:subfield code="1p">http://viaf.org/viaf/102319859</marc:subfield>
    </marc:datafield>
    
    
    
    
    <marc:datafield tag="700" ind1="1" ind2=" ">
      <marc:subfield code="a">Margull, Fritze</marc:subfield>
      <marc:subfield code="d">1945-</marc:subfield>
      <marc:subfield code="1p">margullfritze</marc:subfield>
    </marc:datafield>
    <marc:datafield tag="700" ind1="1" ind2=" ">
      <marc:subfield code="a">Ohsoling, Hilke.</marc:subfield>
      <marc:subfield code="1p">ohsolinghilke</marc:subfield>
    </marc:datafield>
    <marc:datafield tag="852" ind1="4" ind2="1">
      <marc:subfield code="a">British Library</marc:subfield>
      <marc:subfield code="b">HMNTS</marc:subfield>
      <marc:subfield code="j">YF.2015.a.8965</marc:subfield>
    </marc:datafield>
  </marc:record>