
  <marc:record source="1999-BNB-Germany-Gunter-Grass.xml">
    <marc:leader>01177nam a22003137a 4500</marc:leader>
    <marc:controlfield tag="001">013396831</marc:controlfield>
    <marc:controlfield tag="003">Uk</marc:controlfield>
    <marc:controlfield tag="005">20060815172501.0</marc:controlfield>
    <marc:controlfield tag="008">060224s2005    gw a          000 0 ger d</marc:controlfield>
    <marc:datafield tag="020" ind1=" " ind2=" ">
      <marc:subfield code="a">3351026072</marc:subfield>
    </marc:datafield>
    <marc:datafield tag="040" ind1=" " ind2=" ">
      <marc:subfield code="a">OHX</marc:subfield>
      <marc:subfield code="c">OHX</marc:subfield>
      <marc:subfield code="d">INU</marc:subfield>
      <marc:subfield code="d">CUY</marc:subfield>
      <marc:subfield code="d">Uk</marc:subfield>
    </marc:datafield>
    <marc:datafield tag="072" ind1=" " ind2="7">
      <marc:subfield code="a">PN</marc:subfield>
      <marc:subfield code="2">lcco</marc:subfield>
    </marc:datafield>
    <marc:datafield tag="072" ind1=" " ind2="7">
      <marc:subfield code="a">PT</marc:subfield>
      <marc:subfield code="2">lcco</marc:subfield>
    </marc:datafield>
    <marc:datafield tag="245" ind1="0" ind2="0">
      <marc:subfield code="a">Unkenrufe :</marc:subfield>
      <marc:subfield code="b">der Film nach der Erzählung von Günter Grass /</marc:subfield>
      <marc:subfield code="c">[unter Mitarbeit von Ursula Vossen, Thomas Petersen und Josa Sesink ; Fotos von Krzysztof Wellman].</marc:subfield>
    </marc:datafield>
    <marc:datafield tag="250" ind1=" " ind2=" ">
      <marc:subfield code="a">1. Aufl.</marc:subfield>
    </marc:datafield>
    <marc:datafield tag="260" ind1=" " ind2=" ">
      <marc:subfield code="a">Berlin :</marc:subfield>
      <marc:subfield code="b">Aufbau-Verlag,</marc:subfield>
      <marc:subfield code="c">2005.</marc:subfield>
    </marc:datafield>
    <marc:datafield tag="300" ind1=" " ind2=" ">
      <marc:subfield code="a">175 p. :</marc:subfield>
      <marc:subfield code="b">col. ill. ;</marc:subfield>
      <marc:subfield code="c">22 x 28 cm +</marc:subfield>
      <marc:subfield code="e">1 videodisc (4 3/4 in.)</marc:subfield>
    </marc:datafield>
    <marc:datafield tag="336" ind1=" " ind2=" ">
      <marc:subfield code="a">text</marc:subfield>
      <marc:subfield code="2">rdacontent</marc:subfield>
    </marc:datafield>
    <marc:datafield tag="337" ind1=" " ind2=" ">
      <marc:subfield code="a">unmediated</marc:subfield>
      <marc:subfield code="2">rdamedia</marc:subfield>
    </marc:datafield>
    <marc:datafield tag="338" ind1=" " ind2=" ">
      <marc:subfield code="a">volume</marc:subfield>
      <marc:subfield code="2">rdacarrier</marc:subfield>
    </marc:datafield>
    <marc:datafield tag="538" ind1=" " ind2=" ">
      <marc:subfield code="a">Accompanying DVD coded for Region 2 (Europe).</marc:subfield>
    </marc:datafield>
    <marc:datafield tag="500" ind1=" " ind2=" ">
      <marc:subfield code="a">DVD has information on the making of the film plus bonus material.</marc:subfield>
    </marc:datafield>
    <marc:datafield tag="630" ind1="0" ind2="0">
      <marc:subfield code="a">Unkenrufe (Motion picture)</marc:subfield>
    </marc:datafield>
    <marc:datafield tag="600" ind1="1" ind2="0">
      <marc:subfield code="a">Grass, Günter</marc:subfield>
      <marc:subfield code="d">1927-2015</marc:subfield>
      <marc:subfield code="x">Film and video adaptations.</marc:subfield>
      <marc:subfield code="1p">http://viaf.org/viaf/102319859</marc:subfield>
    </marc:datafield>
    <marc:datafield tag="700" ind1="1" ind2=" ">
      <marc:subfield code="a">Vossen, Ursula</marc:subfield>
      <marc:subfield code="d">1965-</marc:subfield>
      <marc:subfield code="1p">vossenursula</marc:subfield>
    </marc:datafield>
    <marc:datafield tag="700" ind1="1" ind2=" ">
      <marc:subfield code="a">Grass, Günter</marc:subfield>
      <marc:subfield code="d">1927-2015.</marc:subfield>
      <marc:subfield code="t">Unkenrufe.</marc:subfield>
      <marc:subfield code="1p">http://viaf.org/viaf/102319859</marc:subfield>
      <marc:subfield code="1w">http://viaf.org/viaf/198560112</marc:subfield>
      <marc:subfield code="4">http://rdaregistry.info/Elements/w/motionPictureAdaptationOfWork.en</marc:subfield>
    </marc:datafield>
    <marc:datafield tag="700" ind1="1" ind2=" ">
      <marc:subfield code="a">Petersen, Thomas</marc:subfield>
      <marc:subfield code="d">1968-</marc:subfield>
      <marc:subfield code="1p">petersenthomas</marc:subfield>
    </marc:datafield>
    <marc:datafield tag="700" ind1="1" ind2=" ">
      <marc:subfield code="a">Sesink, Josa.</marc:subfield>
      <marc:subfield code="1p">sesinkjosa</marc:subfield>
    </marc:datafield>
    <marc:datafield tag="852" ind1="4" ind2="1">
      <marc:subfield code="a">British Library</marc:subfield>
      <marc:subfield code="b">HMNTS</marc:subfield>
      <marc:subfield code="j">EMF.2006.a.92</marc:subfield>
    </marc:datafield>
  </marc:record>