
  <marc:record source="1999-BNE-Germany-Gunter-Grass.xml">
    <marc:leader>01897nam a2200409 b 4500</marc:leader>
    <marc:controlfield tag="001">bimo0001953703</marc:controlfield>
    <marc:controlfield tag="003">SpMaBN</marc:controlfield>
    <marc:controlfield tag="005">20150415005334.4</marc:controlfield>
    <marc:controlfield tag="006">m     q  d o      </marc:controlfield>
    <marc:controlfield tag="007">co cg ||||||a|</marc:controlfield>
    <marc:controlfield tag="008">040629s2003    sp |    q    o||| ||spa  </marc:controlfield>
    <marc:datafield tag="016" ind1="7" ind2=" ">
      <marc:subfield code="a">bimoBNE20040641630</marc:subfield>
      <marc:subfield code="2">SpMaBN</marc:subfield>
    </marc:datafield>
    <marc:datafield tag="017" ind1=" " ind2=" ">
      <marc:subfield code="a">AL 86-2003</marc:subfield>
      <marc:subfield code="b">Oficina Depósito Legal Almería</marc:subfield>
    </marc:datafield>
    <marc:datafield tag="020" ind1=" " ind2=" ">
      <marc:subfield code="a">84-8240-655-8</marc:subfield>
    </marc:datafield>
    <marc:datafield tag="035" ind1=" " ind2=" ">
      <marc:subfield code="a">(OCoLC)432909410</marc:subfield>
    </marc:datafield>
    <marc:datafield tag="040" ind1=" " ind2=" ">
      <marc:subfield code="a">SpMaBN</marc:subfield>
      <marc:subfield code="b">spa</marc:subfield>
      <marc:subfield code="c">SpMaBN</marc:subfield>
      <marc:subfield code="e">rdc</marc:subfield>
    </marc:datafield>
    <marc:datafield tag="080" ind1=" " ind2="0">
      <marc:subfield code="a">821.112.2 Grass, Günter 7 Blechtrommel :791.43</marc:subfield>
    </marc:datafield>
    <marc:datafield tag="080" ind1=" " ind2="0">
      <marc:subfield code="a">791.44 Schlöndorff, Volker</marc:subfield>
    </marc:datafield>
    <marc:datafield tag="100" ind1="1" ind2=" ">
      <marc:subfield code="a">Hernández Medina, Juan José</marc:subfield>
      <marc:subfield code="1p">hernndezmedinajuanjos</marc:subfield>
    </marc:datafield>
    <marc:datafield tag="245" ind1="1" ind2="5">
      <marc:subfield code="a">"Die Blechtrommel" de Volker Schlöndorff y la homónima novela de Günter Grass</marc:subfield>
      <marc:subfield code="h">Recurso electrónico :</marc:subfield>
      <marc:subfield code="b">un análisis comparativo e interdisciplinar entre ambos discursos, literario y fílmico</marc:subfield>
      <marc:subfield code="c">Juan José Hernández Medina</marc:subfield>
    </marc:datafield>
    <marc:datafield tag="256" ind1=" " ind2=" ">
      <marc:subfield code="a">Datos</marc:subfield>
    </marc:datafield>
    <marc:datafield tag="260" ind1=" " ind2=" ">
      <marc:subfield code="a">[Almería]</marc:subfield>
      <marc:subfield code="b">Universidad de Almería, Servicio de Publicaciones</marc:subfield>
      <marc:subfield code="c">2003</marc:subfield>
    </marc:datafield>
    <marc:datafield tag="300" ind1=" " ind2=" ">
      <marc:subfield code="a">1 disco (CD-ROM)</marc:subfield>
      <marc:subfield code="c">12 cm</marc:subfield>
    </marc:datafield>
    <marc:datafield tag="490" ind1="1" ind2=" ">
      <marc:subfield code="a">Estudios</marc:subfield>
      <marc:subfield code="v">n. 22</marc:subfield>
    </marc:datafield>
    <marc:datafield tag="504" ind1=" " ind2=" ">
      <marc:subfield code="a">Incluye referencias bibliográficas</marc:subfield>
    </marc:datafield>
    <marc:datafield tag="594" ind1=" " ind2=" ">
      <marc:subfield code="a">Tít. tomado de la pantalla del título</marc:subfield>
    </marc:datafield>
    <marc:datafield tag="600" ind1="1" ind2="7">
      <marc:subfield code="a">Grass, Günter</marc:subfield>
      <marc:subfield code="d">1927-2015</marc:subfield>
      <marc:subfield code="t">Die Blechtrommel</marc:subfield>
      <marc:subfield code="x">Adaptaciones cinematográficas</marc:subfield>
      <marc:subfield code="2">embne</marc:subfield>
      <marc:subfield code="1p">http://viaf.org/viaf/102319859</marc:subfield>
      <marc:subfield code="1w">http://www.wikidata.org/entity/Q899334</marc:subfield>
    </marc:datafield>
    <marc:datafield tag="600" ind1="1" ind2="7">
      <marc:subfield code="a">Schlöndorff, Volker</marc:subfield>
      <marc:subfield code="d">1939-</marc:subfield>
      <marc:subfield code="2">embne</marc:subfield>
      <marc:subfield code="1p">schlndorffvolker</marc:subfield>
    </marc:datafield>
    <marc:datafield tag="830" ind1=" " ind2="0">
      <marc:subfield code="a">Estudios (Universidad de Almería)</marc:subfield>
      <marc:subfield code="v">n. 22</marc:subfield>
    </marc:datafield>
  </marc:record>