
  <marc:record source="1999-BNE-Germany-Gunter-Grass.xml">
    <marc:leader>02214nam a2200421 b 4500</marc:leader>
    <marc:controlfield tag="001">bimo0002103674</marc:controlfield>
    <marc:controlfield tag="003">SpMaBN</marc:controlfield>
    <marc:controlfield tag="005">20150415005334.4</marc:controlfield>
    <marc:controlfield tag="006">m     q  d o      </marc:controlfield>
    <marc:controlfield tag="007">co bg ||||||a|</marc:controlfield>
    <marc:controlfield tag="008">060516s2006    sp |    q    o||| ||spa  </marc:controlfield>
    <marc:datafield tag="016" ind1="7" ind2=" ">
      <marc:subfield code="a">bimoBNE20060475792</marc:subfield>
      <marc:subfield code="2">SpMaBN</marc:subfield>
    </marc:datafield>
    <marc:datafield tag="017" ind1=" " ind2=" ">
      <marc:subfield code="a">M 11294-2006</marc:subfield>
      <marc:subfield code="b">Oficina Depósito Legal Madrid</marc:subfield>
    </marc:datafield>
    <marc:datafield tag="020" ind1=" " ind2=" ">
      <marc:subfield code="a">84-669-1933-3</marc:subfield>
    </marc:datafield>
    <marc:datafield tag="035" ind1=" " ind2=" ">
      <marc:subfield code="a">(OCoLC)433342890</marc:subfield>
    </marc:datafield>
    <marc:datafield tag="040" ind1=" " ind2=" ">
      <marc:subfield code="a">SpMaBN</marc:subfield>
      <marc:subfield code="b">spa</marc:subfield>
      <marc:subfield code="c">SpMaBN</marc:subfield>
      <marc:subfield code="e">rdc</marc:subfield>
    </marc:datafield>
    <marc:datafield tag="080" ind1=" " ind2="0">
      <marc:subfield code="a">821.112.2 Grass, Günter 7 Blechtromel :791.43(043.2)</marc:subfield>
    </marc:datafield>
    <marc:datafield tag="080" ind1=" " ind2="0">
      <marc:subfield code="a">791.44 Schlöndorff, Volker (043.2)</marc:subfield>
    </marc:datafield>
    <marc:datafield tag="100" ind1="1" ind2=" ">
      <marc:subfield code="a">Hernández Medina, Juan José</marc:subfield>
      <marc:subfield code="1p">hernndezmedinajuanjos</marc:subfield>
    </marc:datafield>
    <marc:datafield tag="245" ind1="1" ind2="0">
      <marc:subfield code="a">De la palabra impresa al medio audiovisual</marc:subfield>
      <marc:subfield code="h">Recurso electrónico :</marc:subfield>
      <marc:subfield code="b">"Die Blechtrommel" de Günter Grass y la adaptación cinematográfica de Volker Schlöndorff : memoria para optar al grado de doctor</marc:subfield>
      <marc:subfield code="c">presentada por Juan José Hernández Medina ; bajo la dirección del doctor Luis Acosta Gómez</marc:subfield>
    </marc:datafield>
    <marc:datafield tag="256" ind1=" " ind2=" ">
      <marc:subfield code="a">Datos</marc:subfield>
    </marc:datafield>
    <marc:datafield tag="260" ind1=" " ind2=" ">
      <marc:subfield code="a">Madrid</marc:subfield>
      <marc:subfield code="b">[Universidad Complutense], Servicio de Publicaciones</marc:subfield>
      <marc:subfield code="c">[2006]</marc:subfield>
    </marc:datafield>
    <marc:datafield tag="300" ind1=" " ind2=" ">
      <marc:subfield code="a">1 disco (CD-ROM)</marc:subfield>
      <marc:subfield code="c">12 cm</marc:subfield>
    </marc:datafield>
    <marc:datafield tag="490" ind1="1" ind2=" ">
      <marc:subfield code="a">Tesis doctorales. Humanidades</marc:subfield>
    </marc:datafield>
    <marc:datafield tag="502" ind1=" " ind2=" ">
      <marc:subfield code="a">Tesis--Universidad Complutense de Madrid, 2002</marc:subfield>
    </marc:datafield>
    <marc:datafield tag="594" ind1=" " ind2=" ">
      <marc:subfield code="a">Tít. tomado de la pantalla del título</marc:subfield>
    </marc:datafield>
    <marc:datafield tag="594" ind1=" " ind2=" ">
      <marc:subfield code="a">Precede al tít.: Universidad Complutense de Madrid, Facultad de Filología, Departamento de Filología Alemana</marc:subfield>
    </marc:datafield>
    <marc:datafield tag="600" ind1="1" ind2="7">
      <marc:subfield code="a">Grass, Günter</marc:subfield>
      <marc:subfield code="d">1927-2015</marc:subfield>
      <marc:subfield code="t">Die Blechtrommel</marc:subfield>
      <marc:subfield code="x">Adaptaciones cinematográficas</marc:subfield>
      <marc:subfield code="v">Tesis doctorales</marc:subfield>
      <marc:subfield code="2">embne</marc:subfield>
      <marc:subfield code="1p">http://viaf.org/viaf/102319859</marc:subfield>
      <marc:subfield code="1w">http://www.wikidata.org/entity/Q899334</marc:subfield>
    </marc:datafield>
    <marc:datafield tag="600" ind1="1" ind2="7">
      <marc:subfield code="a">Schlöndorff, Volker</marc:subfield>
      <marc:subfield code="d">1939-</marc:subfield>
      <marc:subfield code="v">Tesis doctorales</marc:subfield>
      <marc:subfield code="2">embne</marc:subfield>
      <marc:subfield code="1p">schlndorffvolker</marc:subfield>
    </marc:datafield>
    <marc:datafield tag="830" ind1=" " ind2="0">
      <marc:subfield code="a">Tesis doctorales (Universidad Complutense de Madrid. CD-ROM).</marc:subfield>
      <marc:subfield code="p">Humanidades</marc:subfield>
    </marc:datafield>
  </marc:record>