
  <marc:record source="1999-BNE-Germany-Gunter-Grass.xml">
    <marc:leader>02472ngm a2200481   4500</marc:leader>
    <marc:controlfield tag="001">bivi0000014327</marc:controlfield>
    <marc:controlfield tag="003">SpMaBN</marc:controlfield>
    <marc:controlfield tag="005">20161103005045.5</marc:controlfield>
    <marc:controlfield tag="007">vdrcvaizq</marc:controlfield>
    <marc:controlfield tag="008">031031s2001    sp 140 e         1vlspa  </marc:controlfield>
    <marc:datafield tag="015" ind1=" " ind2=" ">
      <marc:subfield code="a">VD02</marc:subfield>
    </marc:datafield>
    <marc:datafield tag="016" ind1="7" ind2=" ">
      <marc:subfield code="a">biviBNE20030449782</marc:subfield>
      <marc:subfield code="2">SpMaBN</marc:subfield>
    </marc:datafield>
    <marc:datafield tag="017" ind1=" " ind2=" ">
      <marc:subfield code="a">B 52107-2001</marc:subfield>
      <marc:subfield code="b">Oficina Depósito Legal Barcelona</marc:subfield>
    </marc:datafield>
    <marc:datafield tag="035" ind1=" " ind2=" ">
      <marc:subfield code="a">(OCoLC)434703004</marc:subfield>
    </marc:datafield>
    <marc:datafield tag="040" ind1=" " ind2=" ">
      <marc:subfield code="a">SpMaBN</marc:subfield>
      <marc:subfield code="b">spa</marc:subfield>
      <marc:subfield code="c">SpMaBN</marc:subfield>
      <marc:subfield code="e">rdc</marc:subfield>
    </marc:datafield>
    <marc:datafield tag="041" ind1="1" ind2=" ">
      <marc:subfield code="a">spa</marc:subfield>
      <marc:subfield code="a">ger</marc:subfield>
      <marc:subfield code="b">spa</marc:subfield>
      <marc:subfield code="d">ger</marc:subfield>
    </marc:datafield>
    <marc:datafield tag="084" ind1=" " ind2=" ">
      <marc:subfield code="a">1</marc:subfield>
      <marc:subfield code="2">VD</marc:subfield>
    </marc:datafield>
    <marc:datafield tag="130" ind1="4" ind2="0">
      <marc:subfield code="a">Die Blechtrommel</marc:subfield>
      <marc:subfield code="l">Español-Alemán</marc:subfield>
    </marc:datafield>
    <marc:datafield tag="245" ind1="1" ind2="3">
      <marc:subfield code="a">El tambor de hojalata</marc:subfield>
      <marc:subfield code="h">[Videograbación]</marc:subfield>
      <marc:subfield code="b">= Die Blechtrommel = Le tambour</marc:subfield>
      <marc:subfield code="c">mise en scène, Volker Schlöndorff ; une coproduction, Anatole Dauman, Franz Seitz, Volker Schlöndorff ; scénario et dialogues, Jean-Claude Carrière, Franz Seitz, Volker Schlöndorff ; image, Igor Luther ; musique originale, Maurice Jarre</marc:subfield>
    </marc:datafield>
    <marc:datafield tag="260" ind1="0" ind2=" ">
      <marc:subfield code="a">L'Hospitalet de Llobregat (Barcelona)</marc:subfield>
      <marc:subfield code="b">Filmax Home Video</marc:subfield>
      <marc:subfield code="b">Sogedasa</marc:subfield>
      <marc:subfield code="c">D.L. 2001</marc:subfield>
    </marc:datafield>
    <marc:datafield tag="300" ind1=" " ind2=" ">
      <marc:subfield code="a">1 videodisco (DVD) (ca. 140 min)</marc:subfield>
      <marc:subfield code="b">son., col.</marc:subfield>
    </marc:datafield>
    <marc:datafield tag="500" ind1=" " ind2=" ">
      <marc:subfield code="a">Basada en la novela homónima de Günter Grass</marc:subfield>
    </marc:datafield>
    <marc:datafield tag="500" ind1=" " ind2=" ">
      <marc:subfield code="a">Película ganadora de la Palma de Oro en el XXXII Festival de Cannes de 1979, Oscar a la Mejor Película de habla no inglesa en 1980, ganadora del Golden Bowl por la Academia Alemana de Cine, premio a la Mejor Película Extranjera por la Asociación de Críticos de Cine de Los Angeles, ganadora del Golden Screen en Alemania y premio de la National Board of Review a la Mejor Película Extranjera en 1980</marc:subfield>
    </marc:datafield>
    <marc:datafield tag="511" ind1="1" ind2=" ">
      <marc:subfield code="a">David Bennent, Mario Adorf, Angela Winkler</marc:subfield>
    </marc:datafield>
    <marc:datafield tag="521" ind1=" " ind2=" ">
      <marc:subfield code="a">No recomendada para menores de 18 años</marc:subfield>
    </marc:datafield>
    <marc:datafield tag="546" ind1=" " ind2=" ">
      <marc:subfield code="a">Película en alemán y castellano, con subtítulos en castellano</marc:subfield>
    </marc:datafield>
    <marc:datafield tag="700" ind1="1" ind2="1">
      <marc:subfield code="a">Grass, Günter</marc:subfield>
      <marc:subfield code="d">1927-2015</marc:subfield>
      <marc:subfield code="t">Die Blechtrommel</marc:subfield>
      <marc:subfield code="1p">http://viaf.org/viaf/102319859</marc:subfield>
      <marc:subfield code="1w">http://www.wikidata.org/entity/Q899334</marc:subfield>
      <marc:subfield code="4">http://rdaregistry.info/Elements/w/motionPictureAdaptationOfWork.en</marc:subfield>
    </marc:datafield>
    <marc:datafield tag="700" ind1="1" ind2="1">
      <marc:subfield code="a">Schlöndorff, Volker</marc:subfield>
      <marc:subfield code="d">1939-</marc:subfield>
      <marc:subfield code="1p">schlndorffvolker</marc:subfield>
      <marc:subfield code="4">drt</marc:subfield>
      <marc:subfield code="4">aus</marc:subfield>
    </marc:datafield>
    <marc:datafield tag="700" ind1="1" ind2="1">
      <marc:subfield code="a">Dauman, Anatole</marc:subfield>
      <marc:subfield code="d">1925-1998</marc:subfield>
      <marc:subfield code="1p">daumananatole</marc:subfield>
      <marc:subfield code="4">pro</marc:subfield>
    </marc:datafield>
    <marc:datafield tag="700" ind1="1" ind2="1">
      <marc:subfield code="a">Seitz, Franz</marc:subfield>
      <marc:subfield code="d">1921-2006</marc:subfield>
      <marc:subfield code="1p">seitzfranz</marc:subfield>
      <marc:subfield code="4">pro</marc:subfield>
    </marc:datafield>
    <marc:datafield tag="700" ind1="1" ind2="1">
      <marc:subfield code="a">Carrière, Jean-Claude</marc:subfield>
      <marc:subfield code="d">1931-</marc:subfield>
      <marc:subfield code="1p">carrirejeanclaude</marc:subfield>
      <marc:subfield code="4">aus</marc:subfield>
    </marc:datafield>
    <marc:datafield tag="700" ind1="1" ind2="1">
      <marc:subfield code="a">Luther, Igor</marc:subfield>
      <marc:subfield code="d">1942-</marc:subfield>
      <marc:subfield code="1p">lutherigor</marc:subfield>
      <marc:subfield code="4">pht</marc:subfield>
    </marc:datafield>
    <marc:datafield tag="700" ind1="1" ind2="1">
      <marc:subfield code="a">Jarre, Maurice</marc:subfield>
      <marc:subfield code="d">1924-2009</marc:subfield>
      <marc:subfield code="1p">jarremaurice</marc:subfield>
      <marc:subfield code="4">cmp</marc:subfield>
    </marc:datafield>
    <marc:datafield tag="700" ind1="1" ind2="1">
      <marc:subfield code="a">Bennent, David</marc:subfield>
      <marc:subfield code="d">1966-</marc:subfield>
      <marc:subfield code="1p">bennentdavid</marc:subfield>
      <marc:subfield code="4">act</marc:subfield>
    </marc:datafield>
    <marc:datafield tag="700" ind1="1" ind2="1">
      <marc:subfield code="a">Adorf, Mario</marc:subfield>
      <marc:subfield code="d">1930-</marc:subfield>
      <marc:subfield code="1p">adorfmario</marc:subfield>
      <marc:subfield code="4">act</marc:subfield>
    </marc:datafield>
    <marc:datafield tag="700" ind1="1" ind2="1">
      <marc:subfield code="a">Winkler, Angela</marc:subfield>
      <marc:subfield code="d">1944-</marc:subfield>
      <marc:subfield code="1p">winklerangela</marc:subfield>
      <marc:subfield code="4">act</marc:subfield>
    </marc:datafield>
    <marc:datafield tag="740" ind1="3" ind2="1">
      <marc:subfield code="a">Le tambour.</marc:subfield>
    </marc:datafield>
  </marc:record>