
  <marc:record source="1999-BNE-Germany-Gunter-Grass.xml">
    <marc:leader>01661nam a22004095b 4500</marc:leader>
    <marc:controlfield tag="001">bimo0000376171</marc:controlfield>
    <marc:controlfield tag="003">SpMaBN</marc:controlfield>
    <marc:controlfield tag="005">20150415005328.4</marc:controlfield>
    <marc:controlfield tag="008">931124s1993    sp |         |||| ||spa  </marc:controlfield>
    <marc:datafield tag="016" ind1="7" ind2=" ">
      <marc:subfield code="a">bimoBNE19931051513</marc:subfield>
      <marc:subfield code="2">SpMaBN</marc:subfield>
    </marc:datafield>
    <marc:datafield tag="017" ind1=" " ind2=" ">
      <marc:subfield code="a">B 27597-1993</marc:subfield>
      <marc:subfield code="b">Oficina Depósito Legal Barcelona</marc:subfield>
    </marc:datafield>
    <marc:datafield tag="020" ind1=" " ind2=" ">
      <marc:subfield code="a">84-473-0061-7</marc:subfield>
    </marc:datafield>
    <marc:datafield tag="035" ind1=" " ind2=" ">
      <marc:subfield code="a">(OCoLC)55842823</marc:subfield>
    </marc:datafield>
    <marc:datafield tag="040" ind1=" " ind2=" ">
      <marc:subfield code="a">SpMaBN</marc:subfield>
      <marc:subfield code="b">spa</marc:subfield>
      <marc:subfield code="c">SpMaBN</marc:subfield>
      <marc:subfield code="e">rdc</marc:subfield>
    </marc:datafield>
    <marc:datafield tag="041" ind1="1" ind2=" ">
      <marc:subfield code="a">spa</marc:subfield>
      <marc:subfield code="h">ger</marc:subfield>
    </marc:datafield>
    <marc:datafield tag="080" ind1=" " ind2="0">
      <marc:subfield code="a">830-31"19"</marc:subfield>
    </marc:datafield>
    <marc:datafield tag="100" ind1="1" ind2=" ">
      <marc:subfield code="a">Grass, Günter</marc:subfield>
      <marc:subfield code="d">1927-2015</marc:subfield>
      <marc:subfield code="1p">http://viaf.org/viaf/102319859</marc:subfield>
    </marc:datafield>
    <marc:datafield tag="240" ind1="1" ind2="0">
      <marc:subfield code="a">Unkenrufe</marc:subfield>
      <marc:subfield code="l">Español</marc:subfield>
      <marc:subfield code="1w">http://viaf.org/viaf/198560112</marc:subfield>
    </marc:datafield>
    <marc:datafield tag="245" ind1="1" ind2="0">
      <marc:subfield code="a">Malos presagios</marc:subfield>
      <marc:subfield code="h">[Texto impreso]</marc:subfield>
      <marc:subfield code="c">Günter Grass ; [traducción, Miguel Sáenz]</marc:subfield>
    </marc:datafield>
    <marc:datafield tag="260" ind1=" " ind2=" ">
      <marc:subfield code="a">Barcelona</marc:subfield>
      <marc:subfield code="b">RBA</marc:subfield>
      <marc:subfield code="c">[1994  i.e. 1993 ]</marc:subfield>
    </marc:datafield>
    <marc:datafield tag="300" ind1=" " ind2=" ">
      <marc:subfield code="a">267 p.</marc:subfield>
      <marc:subfield code="c">22 cm</marc:subfield>
    </marc:datafield>
    <marc:datafield tag="490" ind1="1" ind2=" ">
      <marc:subfield code="a">Narrativa actual</marc:subfield>
      <marc:subfield code="v">62</marc:subfield>
    </marc:datafield>
    <marc:datafield tag="594" ind1=" " ind2=" ">
      <marc:subfield code="a">Traducción de: Unkenrufe</marc:subfield>
    </marc:datafield>
    <marc:datafield tag="700" ind1="1" ind2=" ">
      <marc:subfield code="a">Sáenz, Miguel</marc:subfield>
      <marc:subfield code="d">1932-</marc:subfield>
      <marc:subfield code="1p">http://viaf.org/viaf/22322043</marc:subfield>
    <marc:subfield code="4" old="empty">trl</marc:subfield></marc:datafield>
    <marc:datafield tag="830" ind1=" " ind2="0">
      <marc:subfield code="a">Narrativa actual (RBA Editores)</marc:subfield>
      <marc:subfield code="v">62</marc:subfield>
    </marc:datafield>
  </marc:record>