
  <marc:record source="1999-BNE-Germany-Gunter-Grass.xml">
    <marc:leader>02261ngm a2200493I  4500</marc:leader>
    <marc:controlfield tag="001">bivi0000061973</marc:controlfield>
    <marc:controlfield tag="003">SpMaBN</marc:controlfield>
    <marc:controlfield tag="005">20170609004732.6</marc:controlfield>
    <marc:controlfield tag="007">vf*caahzu</marc:controlfield>
    <marc:controlfield tag="008">031031s1984    sp 140 g       0 11 spa  </marc:controlfield>
    <marc:datafield tag="015" ind1=" " ind2=" ">
      <marc:subfield code="a">VD84</marc:subfield>
    </marc:datafield>
    <marc:datafield tag="016" ind1="7" ind2=" ">
      <marc:subfield code="a">biviBNE19950066833</marc:subfield>
      <marc:subfield code="z">BN502250</marc:subfield>
      <marc:subfield code="2">SpMaBN</marc:subfield>
    </marc:datafield>
    <marc:datafield tag="017" ind1=" " ind2=" ">
      <marc:subfield code="a">M 41126-1984</marc:subfield>
      <marc:subfield code="b">Oficina Depósito Legal Madrid</marc:subfield>
    </marc:datafield>
    <marc:datafield tag="028" ind1="4" ind2="0">
      <marc:subfield code="a">V1-897-4</marc:subfield>
      <marc:subfield code="b">Videogram</marc:subfield>
    </marc:datafield>
    <marc:datafield tag="035" ind1=" " ind2=" ">
      <marc:subfield code="a">(OCoLC)742224698</marc:subfield>
    </marc:datafield>
    <marc:datafield tag="040" ind1=" " ind2=" ">
      <marc:subfield code="a">SpMaBN</marc:subfield>
      <marc:subfield code="b">spa</marc:subfield>
      <marc:subfield code="c">A2</marc:subfield>
    </marc:datafield>
    <marc:datafield tag="041" ind1="1" ind2=" ">
      <marc:subfield code="a">spa</marc:subfield>
      <marc:subfield code="d">ger</marc:subfield>
    </marc:datafield>
    <marc:datafield tag="130" ind1="4" ind2="0">
      <marc:subfield code="a">Die Blechtrommel</marc:subfield>
      <marc:subfield code="l">Español</marc:subfield>
    </marc:datafield>
    <marc:datafield tag="245" ind1="1" ind2="3">
      <marc:subfield code="a">El tambor de hojalata</marc:subfield>
      <marc:subfield code="h">[Videograbación] =</marc:subfield>
      <marc:subfield code="b">Die Blechtrommel</marc:subfield>
      <marc:subfield code="c">Regie, Volker Schlöndorff ; Drehbuch, Jean-Claude Carrière, Franz Seitz, Volker Schlöndorff ; Musik, Maurice Jarre</marc:subfield>
    </marc:datafield>
    <marc:datafield tag="260" ind1=" " ind2=" ">
      <marc:subfield code="a">Madrid</marc:subfield>
      <marc:subfield code="b">Videogram</marc:subfield>
      <marc:subfield code="c">D.L. 1984</marc:subfield>
    </marc:datafield>
    <marc:datafield tag="300" ind1=" " ind2=" ">
      <marc:subfield code="a">1 videocasete (Beta) (140 min)</marc:subfield>
      <marc:subfield code="b">son., col.</marc:subfield>
    </marc:datafield>
    <marc:datafield tag="500" ind1=" " ind2=" ">
      <marc:subfield code="a">Guión basado en la novela "Die Blechtrommel" de Günter Grass</marc:subfield>
    </marc:datafield>
    <marc:datafield tag="500" ind1=" " ind2=" ">
      <marc:subfield code="a">Premios: 1979: Palma de Oro en el Festival de Cannes. 1980: Oscar a la Mejor Película de habla no inglesa</marc:subfield>
    </marc:datafield>
    <marc:datafield tag="511" ind1="1" ind2=" ">
      <marc:subfield code="a">David Bennent, Mario Adorf, Angela Winkler, Charles Aznavour</marc:subfield>
    </marc:datafield>
    <marc:datafield tag="518" ind1=" " ind2=" ">
      <marc:subfield code="a">Realizada en 1979 en coproducción Francia-Alemania</marc:subfield>
    </marc:datafield>
    <marc:datafield tag="520" ind1="3" ind2=" ">
      <marc:subfield code="a">Danzig, 1924. Oskar, un niño superdotado, decide dejar de crecer cuando cumple 3 años, como rechazo a su entorno. Mediante su tambor de hojalata, va punteando los grandes acontecimientos que rodean su existencia en una Alemania que camina hacia el nazismo</marc:subfield>
    </marc:datafield>
    <marc:datafield tag="521" ind1=" " ind2=" ">
      <marc:subfield code="a">No recomendada para menores de 18 años</marc:subfield>
    </marc:datafield>
    <marc:datafield tag="546" ind1=" " ind2=" ">
      <marc:subfield code="a">Doblada en español</marc:subfield>
    </marc:datafield>    
    <marc:datafield tag="700" ind1="1" ind2=" ">
      <marc:subfield code="a">Schlöndorff, Volker</marc:subfield>
      <marc:subfield code="d">1939-</marc:subfield>
      <marc:subfield code="1p">schlndorffvolker</marc:subfield>
      <marc:subfield code="4">drt</marc:subfield>
      <marc:subfield code="4">aus</marc:subfield>
    </marc:datafield>
    <marc:datafield tag="700" ind1="1" ind2=" ">
      <marc:subfield code="a">Carrière, Jean-Claude</marc:subfield>
      <marc:subfield code="d">1931-</marc:subfield>
      <marc:subfield code="1p">carrirejeanclaude</marc:subfield>
      <marc:subfield code="4">aus</marc:subfield>
    </marc:datafield>
    <marc:datafield tag="700" ind1="1" ind2=" ">
      <marc:subfield code="a">Seitz, Franz</marc:subfield>
      <marc:subfield code="d">1921-2006</marc:subfield>
      <marc:subfield code="1p">seitzfranz</marc:subfield>
      <marc:subfield code="4">aus</marc:subfield>
    </marc:datafield>
    <marc:datafield tag="700" ind1="1" ind2=" ">
      <marc:subfield code="a">Jarre, Maurice</marc:subfield>
      <marc:subfield code="d">1924-2009</marc:subfield>
      <marc:subfield code="1p">jarremaurice</marc:subfield>
      <marc:subfield code="4">cmp</marc:subfield>
    </marc:datafield>
    <marc:datafield tag="700" ind1="1" ind2=" ">
      <marc:subfield code="a">Bennent, David</marc:subfield>
      <marc:subfield code="4">act</marc:subfield>
      <marc:subfield code="d">1966-</marc:subfield>
      <marc:subfield code="1p">bennentdavid</marc:subfield>
    </marc:datafield>
    <marc:datafield tag="700" ind1="1" ind2=" ">
      <marc:subfield code="a">Adorf, Mario</marc:subfield>
      <marc:subfield code="4">act</marc:subfield>
      <marc:subfield code="d">1930-</marc:subfield>
      <marc:subfield code="1p">adorfmario</marc:subfield>
    </marc:datafield>
    <marc:datafield tag="700" ind1="1" ind2=" ">
      <marc:subfield code="a">Winkler, Angela</marc:subfield>
      <marc:subfield code="4">act</marc:subfield>
      <marc:subfield code="d">1944-</marc:subfield>
      <marc:subfield code="1p">winklerangela</marc:subfield>
    </marc:datafield>
    <marc:datafield tag="700" ind1="1" ind2=" ">
      <marc:subfield code="a">Aznavour, Charles</marc:subfield>
      <marc:subfield code="4">act</marc:subfield>
      <marc:subfield code="d">1924-</marc:subfield>
      <marc:subfield code="1p">aznavourcharles</marc:subfield>
    </marc:datafield>
    <marc:datafield tag="700" ind1="1" ind2=" ">
      <marc:subfield code="a">Grass, Günter</marc:subfield>
      <marc:subfield code="d">1927-2015</marc:subfield>
      <marc:subfield code="t">Die Blechtrommel</marc:subfield>
      <marc:subfield code="1p">http://viaf.org/viaf/102319859</marc:subfield>
      <marc:subfield code="1w">http://www.wikidata.org/entity/Q899334</marc:subfield>
      <marc:subfield code="4">http://rdaregistry.info/Elements/w/motionPictureAdaptationOfWork.en</marc:subfield>
    </marc:datafield>
    <marc:datafield tag="711" ind1="2" ind2=" ">
      <marc:subfield code="a">Festival International du Film</marc:subfield>
      <marc:subfield code="n">32º</marc:subfield>
      <marc:subfield code="d">1979</marc:subfield>
      <marc:subfield code="c">Cannes</marc:subfield>
    </marc:datafield>
    <marc:datafield tag="711" ind1="2" ind2=" ">
      <marc:subfield code="a">Academy Awards</marc:subfield>
      <marc:subfield code="n">52º</marc:subfield>
      <marc:subfield code="d">1979</marc:subfield>
      <marc:subfield code="c">Los Ángeles, California</marc:subfield>
    </marc:datafield>
  </marc:record>