
  <marc:record source="1999-BNE-Germany-Gunter-Grass.xml">
    <marc:leader>01895cam a2200409   4500</marc:leader>
    <marc:controlfield tag="001">bimo0001920754</marc:controlfield>
    <marc:controlfield tag="003">SpMaBN</marc:controlfield>
    <marc:controlfield tag="005">20170929130125.6</marc:controlfield>
    <marc:controlfield tag="006">m     q  d o      </marc:controlfield>
    <marc:controlfield tag="007">co  g ||||||a|</marc:controlfield>
    <marc:controlfield tag="008">040219s2003    sp |    q    o||| ||spa  </marc:controlfield>
    <marc:datafield tag="016" ind1="7" ind2=" ">
      <marc:subfield code="a">bimoBNE20040153302</marc:subfield>
      <marc:subfield code="2">SpMaBN</marc:subfield>
    </marc:datafield>
    <marc:datafield tag="017" ind1=" " ind2=" ">
      <marc:subfield code="a">AL 89-2003</marc:subfield>
      <marc:subfield code="b">Oficina Depósito Legal Almería</marc:subfield>
    </marc:datafield>
    <marc:datafield tag="020" ind1=" " ind2=" ">
      <marc:subfield code="a">84-8240-657-4</marc:subfield>
    </marc:datafield>
    <marc:datafield tag="035" ind1=" " ind2=" ">
      <marc:subfield code="a">(OCoLC)433481889</marc:subfield>
    </marc:datafield>
    <marc:datafield tag="040" ind1=" " ind2=" ">
      <marc:subfield code="a">SpMaBN</marc:subfield>
      <marc:subfield code="b">spa</marc:subfield>
      <marc:subfield code="c">SpMaBN</marc:subfield>
      <marc:subfield code="e">rdc</marc:subfield>
    </marc:datafield>
    <marc:datafield tag="080" ind1=" " ind2="0">
      <marc:subfield code="a">821.112.2 Grass, Günter 7 Die Blechtrommel :791.43</marc:subfield>
    </marc:datafield>
    <marc:datafield tag="080" ind1=" " ind2="0">
      <marc:subfield code="a">791.44 Schlöndorff, Volker</marc:subfield>
    </marc:datafield>
    <marc:datafield tag="100" ind1="1" ind2=" ">
      <marc:subfield code="a">Hernández Medina, Juan José</marc:subfield>
      <marc:subfield code="1p">hernndezmedinajuanjos</marc:subfield>
    </marc:datafield>
    <marc:datafield tag="245" ind1="1" ind2="0">
      <marc:subfield code="a">De la palabra impresa al medio audiovisual</marc:subfield>
      <marc:subfield code="h">Recurso electrónico :</marc:subfield>
      <marc:subfield code="b">"Die Blechtrommel" de Günter Grass y la adaptación cinematográfica de Volker Schlöndorff</marc:subfield>
      <marc:subfield code="c">Juan José Hernández Medina</marc:subfield>
    </marc:datafield>
    <marc:datafield tag="256" ind1=" " ind2=" ">
      <marc:subfield code="a">Datos</marc:subfield>
    </marc:datafield>
    <marc:datafield tag="260" ind1=" " ind2=" ">
      <marc:subfield code="a">[Almería]</marc:subfield>
      <marc:subfield code="b">Universidad de Almería, Servicio de Publicaciones</marc:subfield>
      <marc:subfield code="c">[2003]</marc:subfield>
    </marc:datafield>
    <marc:datafield tag="300" ind1=" " ind2=" ">
      <marc:subfield code="a">1 disco (CD-ROM)</marc:subfield>
      <marc:subfield code="c">12 cm</marc:subfield>
    </marc:datafield>
    <marc:datafield tag="490" ind1="1" ind2=" ">
      <marc:subfield code="a">Estudio / Universidad de Almería</marc:subfield>
      <marc:subfield code="v">n. 23</marc:subfield>
    </marc:datafield>
    <marc:datafield tag="502" ind1=" " ind2=" ">
      <marc:subfield code="a">Tesis--Universidad de Málaga, 2003</marc:subfield>
    </marc:datafield>
    <marc:datafield tag="594" ind1=" " ind2=" ">
      <marc:subfield code="a">Tít. tomado de la etiqueta</marc:subfield>
    </marc:datafield>
    <marc:datafield tag="600" ind1="1" ind2="7">
      <marc:subfield code="a">Grass, Günter</marc:subfield>
      <marc:subfield code="d">1927-2015</marc:subfield>
      <marc:subfield code="t">Die Blechtrommel</marc:subfield>
      <marc:subfield code="x">Adaptaciones cinematográficas</marc:subfield>
      <marc:subfield code="v">Tesis doctorales</marc:subfield>
      <marc:subfield code="2">embne</marc:subfield>
      <marc:subfield code="1p">http://viaf.org/viaf/102319859</marc:subfield>
      <marc:subfield code="1w">http://www.wikidata.org/entity/Q899334</marc:subfield>
    </marc:datafield>
    <marc:datafield tag="600" ind1="1" ind2="7">
      <marc:subfield code="a">Schlöndorff, Volker</marc:subfield>
      <marc:subfield code="d">1939-</marc:subfield>
      <marc:subfield code="2">embne</marc:subfield>
      <marc:subfield code="1p">schlndorffvolker</marc:subfield>
    </marc:datafield>
    <marc:datafield tag="830" ind1=" " ind2="0">
      <marc:subfield code="a">Estudios (Universidad de Almería)</marc:subfield>
      <marc:subfield code="v">23</marc:subfield>
    </marc:datafield>
  </marc:record>