
  <marc:record source="1999-BNE-Germany-Gunter-Grass.xml">
    <marc:leader>01321cam a2200337   4500</marc:leader>
    <marc:controlfield tag="001">a4366331</marc:controlfield>
    <marc:controlfield tag="003">SpMaBN</marc:controlfield>
    <marc:controlfield tag="005">20150415005329.4</marc:controlfield>
    <marc:controlfield tag="008">081030s2006    ne a   | |||| 001 0 eng  </marc:controlfield>
    <marc:datafield tag="020" ind1=" " ind2=" ">
      <marc:subfield code="a">90-420-1818-6</marc:subfield>
    </marc:datafield>
    <marc:datafield tag="035" ind1=" " ind2=" ">
      <marc:subfield code="a">(OCoLC)434126478</marc:subfield>
    </marc:datafield>
    <marc:datafield tag="040" ind1=" " ind2=" ">
      <marc:subfield code="a">SpMaBN</marc:subfield>
      <marc:subfield code="b">spa</marc:subfield>
      <marc:subfield code="c">SpMaBN</marc:subfield>
      <marc:subfield code="e">rdc</marc:subfield>
    </marc:datafield>
    <marc:datafield tag="080" ind1=" " ind2=" ">
      <marc:subfield code="a">821.112.2 Goethe, Johann Wolfgang von 7 Faust.07</marc:subfield>
    </marc:datafield>
    <marc:datafield tag="080" ind1=" " ind2=" ">
      <marc:subfield code="a">821.112.2 Nietzsche, Friedrich 7 Zarathustra.07</marc:subfield>
    </marc:datafield>
    <marc:datafield tag="080" ind1=" " ind2=" ">
      <marc:subfield code="a">821.112.2 Grass, Günter 7 Blechtrommel.07</marc:subfield>
    </marc:datafield>
    <marc:datafield tag="080" ind1=" " ind2=" ">
      <marc:subfield code="a">82:501</marc:subfield>
    </marc:datafield>
    <marc:datafield tag="080" ind1=" " ind2=" ">
      <marc:subfield code="a">501</marc:subfield>
    </marc:datafield>
    <marc:datafield tag="100" ind1="1" ind2=" ">
      <marc:subfield code="a">McCarthy, John A.</marc:subfield>
      <marc:subfield code="1p">mccarthyjohna</marc:subfield>
    </marc:datafield>
    <marc:datafield tag="245" ind1="1" ind2="0">
      <marc:subfield code="a">Remapping reality :</marc:subfield>
      <marc:subfield code="b">chaos and creativity in science and literature (Goethe, Nietzsche, Grass)</marc:subfield>
      <marc:subfield code="c">John A. McCarthy.</marc:subfield>
    </marc:datafield>
    <marc:datafield tag="260" ind1=" " ind2=" ">
      <marc:subfield code="a">Amsterdam ;</marc:subfield>
      <marc:subfield code="a">New York, NY</marc:subfield>
      <marc:subfield code="b">Rodopi</marc:subfield>
      <marc:subfield code="c">2006</marc:subfield>
    </marc:datafield>
    <marc:datafield tag="300" ind1=" " ind2=" ">
      <marc:subfield code="a">373 p.</marc:subfield>
      <marc:subfield code="b">il.</marc:subfield>
      <marc:subfield code="c">24 cm</marc:subfield>
    </marc:datafield>
    <marc:datafield tag="440" ind1=" " ind2="0">
      <marc:subfield code="a">Internationale Forschungen zur allgemeinen und vergleichenden Literaturwissenschaft</marc:subfield>
      <marc:subfield code="v">97</marc:subfield>
    </marc:datafield>
    <marc:datafield tag="504" ind1=" " ind2=" ">
      <marc:subfield code="a">Bibliografía: p. [337]-359. Índice</marc:subfield>
    </marc:datafield>
    <marc:datafield tag="600" ind1="1" ind2="7">
      <marc:subfield code="a">Goethe, Johann Wolfgang von</marc:subfield>
      <marc:subfield code="d">1749-1832</marc:subfield>
      <marc:subfield code="t">Faust</marc:subfield>
      <marc:subfield code="2">embne</marc:subfield>
      <marc:subfield code="1p">http://viaf.org/viaf/24602065</marc:subfield>
    </marc:datafield>
    <marc:datafield tag="600" ind1="1" ind2="7">
      <marc:subfield code="a">Nietzsche, Friedrich</marc:subfield>
      <marc:subfield code="d">1844-1900</marc:subfield>
      <marc:subfield code="t">Also sprach Zarathustra</marc:subfield>
      <marc:subfield code="2">embne</marc:subfield>
      <marc:subfield code="1p">nietzschefriedrich</marc:subfield>
    </marc:datafield>
    <marc:datafield tag="600" ind1="1" ind2="7">
      <marc:subfield code="a">Grass, Günter</marc:subfield>
      <marc:subfield code="d">1927-2015</marc:subfield>
      <marc:subfield code="t">Die Blechtrommel</marc:subfield>
      <marc:subfield code="2">embne</marc:subfield>
      <marc:subfield code="1p">http://viaf.org/viaf/102319859</marc:subfield>
      <marc:subfield code="1w">http://www.wikidata.org/entity/Q899334</marc:subfield>
    </marc:datafield>
    
    
  </marc:record>