
  <marc:record source="1999-BNE-Germany-Gunter-Grass.xml">
    <marc:leader>01267nam a2200337 b 4500</marc:leader>
    <marc:controlfield tag="001">bimo0000374937</marc:controlfield>
    <marc:controlfield tag="003">SpMaBN</marc:controlfield>
    <marc:controlfield tag="005">20170308101646.4</marc:controlfield>
    <marc:controlfield tag="008">930113s1991    sp |         |||| ||spa d</marc:controlfield>
    <marc:datafield tag="016" ind1="7" ind2=" ">
      <marc:subfield code="a">bimoBNE19931038833</marc:subfield>
      <marc:subfield code="z">CHM930019102</marc:subfield>
      <marc:subfield code="2">SpMaBN</marc:subfield>
    </marc:datafield>
    <marc:datafield tag="017" ind1=" " ind2=" ">
      <marc:subfield code="a">B 28964-1991</marc:subfield>
      <marc:subfield code="b">Oficina Depósito Legal Barcelona</marc:subfield>
    </marc:datafield>
    <marc:datafield tag="020" ind1=" " ind2=" ">
      <marc:subfield code="a">84-226-3777-4</marc:subfield>
    </marc:datafield>
    <marc:datafield tag="035" ind1=" " ind2=" ">
      <marc:subfield code="a">(OCoLC)776440079</marc:subfield>
    </marc:datafield>
    <marc:datafield tag="040" ind1=" " ind2=" ">
      <marc:subfield code="a">SpMaBN</marc:subfield>
      <marc:subfield code="b">spa</marc:subfield>
      <marc:subfield code="c">CHM</marc:subfield>
    </marc:datafield>
    <marc:datafield tag="041" ind1="1" ind2=" ">
      <marc:subfield code="a">spa</marc:subfield>
      <marc:subfield code="h">ger</marc:subfield>
    </marc:datafield>
    <marc:datafield tag="080" ind1=" " ind2="4">
      <marc:subfield code="a">830-31"19"</marc:subfield>
    </marc:datafield>
    <marc:datafield tag="100" ind1="1" ind2=" ">
      <marc:subfield code="a">Grass, Günter</marc:subfield>
      <marc:subfield code="d">1927-2015</marc:subfield>
      <marc:subfield code="1p">http://viaf.org/viaf/102319859</marc:subfield>
    </marc:datafield>
    <marc:datafield tag="240" ind1="1" ind2="0">
      <marc:subfield code="a">Der Butt</marc:subfield>
      <marc:subfield code="l">Español</marc:subfield>
      <marc:subfield code="1w">http://viaf.org/viaf/213148121</marc:subfield>
    </marc:datafield>
    <marc:datafield tag="245" ind1="1" ind2="3">
      <marc:subfield code="a">El rodaballo</marc:subfield>
      <marc:subfield code="h">[Texto impreso]</marc:subfield>
      <marc:subfield code="c">Günter Grass ; traducción e introducción de Miguel Sáenz</marc:subfield>
    </marc:datafield>
    <marc:datafield tag="260" ind1=" " ind2=" ">
      <marc:subfield code="a">Barcelona</marc:subfield>
      <marc:subfield code="b">Círculo de lectores</marc:subfield>
      <marc:subfield code="c">D.L. 1991</marc:subfield>
    </marc:datafield>
    <marc:datafield tag="300" ind1=" " ind2=" ">
      <marc:subfield code="a">570 p.</marc:subfield>
      <marc:subfield code="c">23 cm</marc:subfield>
    </marc:datafield>
    <marc:datafield tag="500" ind1="4" ind2=" ">
      <marc:subfield code="a">Traducción de: Der Butt</marc:subfield>
    </marc:datafield>
    <marc:datafield tag="700" ind1="1" ind2=" ">
      <marc:subfield code="a">Sáenz, Miguel</marc:subfield>
      <marc:subfield code="d">1932-</marc:subfield>
      <marc:subfield code="1p">http://viaf.org/viaf/22322043</marc:subfield>
    <marc:subfield code="4" old="empty">trl</marc:subfield></marc:datafield>
  </marc:record>