
  <marc:record type="Bibliographic" source="1999-DNB-Germany-Gunter-Grass.xml">
    <marc:leader>00000nam a2200000 c 4500</marc:leader>
    <marc:controlfield tag="001">972033734</marc:controlfield>
    <marc:controlfield tag="003">DE-101</marc:controlfield>
    <marc:controlfield tag="005">20171203164850.0</marc:controlfield>
    <marc:controlfield tag="007">cr||||||||||||</marc:controlfield>
    <marc:controlfield tag="008">040817s2004    gw |||||om||| 00||||ger  </marc:controlfield>
    <marc:datafield ind1=" " ind2=" " tag="015">
      <marc:subfield code="a">04,H10,3201</marc:subfield>
      <marc:subfield code="2">dnb</marc:subfield>
    </marc:datafield>
    <marc:datafield ind1="7" ind2=" " tag="016">
      <marc:subfield code="2">DE-101</marc:subfield>
      <marc:subfield code="a">972033734</marc:subfield>
    </marc:datafield>
    <marc:datafield ind1="7" ind2=" " tag="024">
      <marc:subfield code="2">urn</marc:subfield>
      <marc:subfield code="a">urn:nbn:de:bvb:29-opus-768</marc:subfield>
    </marc:datafield>
    <marc:datafield ind1=" " ind2=" " tag="035">
      <marc:subfield code="a">(DE-599)DNB972033734</marc:subfield>
    </marc:datafield>
    <marc:datafield ind1=" " ind2=" " tag="035">
      <marc:subfield code="a">(OCoLC)723146390</marc:subfield>
    </marc:datafield>
    <marc:datafield ind1=" " ind2=" " tag="040">
      <marc:subfield code="a">1240</marc:subfield>
      <marc:subfield code="b">ger</marc:subfield>
      <marc:subfield code="c">DE-101</marc:subfield>
      <marc:subfield code="d">9999</marc:subfield>
    </marc:datafield>
    <marc:datafield ind1=" " ind2=" " tag="041">
      <marc:subfield code="a">ger</marc:subfield>
    </marc:datafield>
    <marc:datafield ind1=" " ind2=" " tag="044">
      <marc:subfield code="c">XA-DE</marc:subfield>
    </marc:datafield>
    <marc:datafield ind1="7" ind2="4" tag="082">
      <marc:subfield code="a">830</marc:subfield>
      <marc:subfield code="q">DE-101</marc:subfield>
      <marc:subfield code="2">22sdnb</marc:subfield>
    </marc:datafield>
    <marc:datafield ind1="1" ind2=" " tag="100">
      <marc:subfield code="0">(DE-588)128835753</marc:subfield>
      <marc:subfield code="0">http://d-nb.info/gnd/128835753</marc:subfield>
      <marc:subfield code="0">(DE-101)128835753</marc:subfield>
      <marc:subfield code="a">Kim, Ŭng-jun</marc:subfield>
      <marc:subfield code="d">1969-</marc:subfield>
      <marc:subfield code="e">Verfasser</marc:subfield>
      <marc:subfield code="4">aut</marc:subfield>
      <marc:subfield code="1p">kimungjun</marc:subfield>
    </marc:datafield>
    <marc:datafield ind1="0" ind2="0" tag="245">
      <marc:subfield code="a">Literatur als Historie</marc:subfield>
      <marc:subfield code="b">Zeitgeschichte in Thomas Manns "Doktor Faustus" und Günter Grass' "Die Blechtrommel"</marc:subfield>
      <marc:subfield code="c">vorgelegt von Eung-Jun Kim</marc:subfield>
    </marc:datafield>
    <marc:datafield ind1=" " ind2=" " tag="300">
      <marc:subfield code="a">Online-Ressource</marc:subfield>
    </marc:datafield>
    <marc:datafield ind1=" " ind2=" " tag="336">
      <marc:subfield code="a">Text</marc:subfield>
      <marc:subfield code="b">txt</marc:subfield>
      <marc:subfield code="2">rdacontent</marc:subfield>
    </marc:datafield>
    <marc:datafield ind1=" " ind2=" " tag="337">
      <marc:subfield code="a">Computermedien</marc:subfield>
      <marc:subfield code="b">c</marc:subfield>
      <marc:subfield code="2">rdamedia</marc:subfield>
    </marc:datafield>
    <marc:datafield ind1=" " ind2=" " tag="338">
      <marc:subfield code="a">Online-Ressource</marc:subfield>
      <marc:subfield code="b">cr</marc:subfield>
      <marc:subfield code="2">rdacarrier</marc:subfield>
    </marc:datafield>
    <marc:datafield ind1=" " ind2=" " tag="502">
      <marc:subfield code="a">Erlangen, Nürnberg, Univ., Diss., 2003</marc:subfield>
    </marc:datafield>
    <marc:datafield ind1="1" ind2=" " tag="583">
      <marc:subfield code="a">Langzeitarchivierung gewährleistet</marc:subfield>
      <marc:subfield code="i">LZA</marc:subfield>
    </marc:datafield>
    <marc:datafield ind1="1" ind2="7" tag="600">
      <marc:subfield code="0">(DE-588)4099300-0</marc:subfield>
      <marc:subfield code="0">http://d-nb.info/gnd/4099300-0</marc:subfield>
      <marc:subfield code="0">(DE-101)040993000</marc:subfield>
      <marc:subfield code="a">Mann, Thomas</marc:subfield>
      <marc:subfield code="d">1875-1955</marc:subfield>
      <marc:subfield code="t">Doktor Faustus</marc:subfield>
      <marc:subfield code="2">gnd</marc:subfield>
      <marc:subfield code="1p">http://viaf.org/viaf/54151065</marc:subfield>
    </marc:datafield>
    <marc:datafield ind1="1" ind2="7" tag="600">
      <marc:subfield code="0">(DE-588)4099211-1</marc:subfield>
      <marc:subfield code="0">http://d-nb.info/gnd/4099211-1</marc:subfield>
      <marc:subfield code="0">(DE-101)04099211X</marc:subfield>
      <marc:subfield code="a">Grass, Günter</marc:subfield>
      <marc:subfield code="d">1927-2015</marc:subfield>
      <marc:subfield code="t">Die Blechtrommel</marc:subfield>
      <marc:subfield code="2">gnd</marc:subfield>
      <marc:subfield code="1p">http://viaf.org/viaf/102319859</marc:subfield>
      <marc:subfield code="1w">http://www.wikidata.org/entity/Q899334</marc:subfield>
    </marc:datafield>
    
    
    
    
    
    
    
    
    
    <marc:datafield ind1="0" ind2="8" tag="776">
      <marc:subfield code="i">Druckausg.</marc:subfield>
      <marc:subfield code="a">Kim, Ŭng-jun, 1969-</marc:subfield>
      <marc:subfield code="t">Literatur als Historie</marc:subfield>
      <marc:subfield code="h">222, 2 S.</marc:subfield>
      <marc:subfield code="w">(DE-101)970637586</marc:subfield>
    </marc:datafield>
    <marc:datafield ind1=" " ind2=" " tag="850">
      <marc:subfield code="a">DE-101a</marc:subfield>
      <marc:subfield code="a">DE-101b</marc:subfield>
    </marc:datafield>
    <marc:datafield ind1="4" ind2="0" tag="856">
      <marc:subfield code="u">http://nbn-resolving.de/urn:nbn:de:bvb:29-opus-768</marc:subfield>
      <marc:subfield code="x">Resolving-System</marc:subfield>
    </marc:datafield>
    <marc:datafield ind1=" " ind2="0" tag="856">
      <marc:subfield code="u">http://d-nb.info/972033734/34</marc:subfield>
      <marc:subfield code="x">Langzeitarchivierung Nationalbibliothek</marc:subfield>
    </marc:datafield>
    <marc:datafield ind1="4" ind2=" " tag="856">
      <marc:subfield code="s">ca. 1,4 MB</marc:subfield>
      <marc:subfield code="u">http://www.opus.ub.uni-erlangen.de/opus/volltexte/2004/76/pdf/DISSERTATION_KIM_PDF.PDF</marc:subfield>
      <marc:subfield code="z">kostenfrei</marc:subfield>
    </marc:datafield>
    <marc:datafield ind1="4" ind2=" " tag="856">
      <marc:subfield code="u">http://www.opus.ub.uni-erlangen.de/opus/volltexte/2004/76/index.html</marc:subfield>
      <marc:subfield code="x">Verlag</marc:subfield>
    </marc:datafield>
  </marc:record>