
  <marc:record type="Bibliographic" source="1999-DNB-Germany-Gunter-Grass.xml">
    <marc:leader>00000pim a2200000 c 4500</marc:leader>
    <marc:controlfield tag="001">1140746901</marc:controlfield>
    <marc:controlfield tag="003">DE-101</marc:controlfield>
    <marc:controlfield tag="005">20180306223134.0</marc:controlfield>
    <marc:controlfield tag="007">sd||||||||||||</marc:controlfield>
    <marc:controlfield tag="007">co||||||||||||</marc:controlfield>
    <marc:controlfield tag="008">171002s2017    gw |||||q|||||||||||ger  </marc:controlfield>
    <marc:datafield ind1=" " ind2=" " tag="015">
      <marc:subfield code="a">18,A11</marc:subfield>
      <marc:subfield code="z">17,N42</marc:subfield>
      <marc:subfield code="2">dnb</marc:subfield>
    </marc:datafield>
    <marc:datafield ind1="7" ind2=" " tag="016">
      <marc:subfield code="2">DE-101</marc:subfield>
      <marc:subfield code="a">1140746901</marc:subfield>
    </marc:datafield>
    <marc:datafield ind1=" " ind2=" " tag="020">
      <marc:subfield code="a">9783958292208</marc:subfield>
      <marc:subfield code="c">: EUR 10.00 (DE), EUR 10.30 (AT)</marc:subfield>
      <marc:subfield code="9">978-3-95829-220-8</marc:subfield>
    </marc:datafield>
    <marc:datafield ind1=" " ind2=" " tag="020">
      <marc:subfield code="a">3958292208</marc:subfield>
      <marc:subfield code="9">3-95829-220-8</marc:subfield>
    </marc:datafield>
    <marc:datafield ind1="3" ind2=" " tag="024">
      <marc:subfield code="a">9783958292208</marc:subfield>
    </marc:datafield>
    <marc:datafield ind1=" " ind2=" " tag="035">
      <marc:subfield code="a">(DE-599)DNB1140746901</marc:subfield>
    </marc:datafield>
    <marc:datafield ind1=" " ind2=" " tag="035">
      <marc:subfield code="a">(OCoLC)1011036732</marc:subfield>
    </marc:datafield>
    <marc:datafield ind1=" " ind2=" " tag="040">
      <marc:subfield code="a">1245</marc:subfield>
      <marc:subfield code="b">ger</marc:subfield>
      <marc:subfield code="c">DE-101</marc:subfield>
      <marc:subfield code="d">9999</marc:subfield>
      <marc:subfield code="e">rda</marc:subfield>
    </marc:datafield>
    <marc:datafield ind1=" " ind2=" " tag="041">
      <marc:subfield code="a">ger</marc:subfield>
    </marc:datafield>
    <marc:datafield ind1=" " ind2=" " tag="044">
      <marc:subfield code="c">XA-DE-NI</marc:subfield>
    </marc:datafield>
    <marc:datafield ind1="7" ind2="4" tag="082">
      <marc:subfield code="a">830</marc:subfield>
      <marc:subfield code="a">B</marc:subfield>
      <marc:subfield code="q">DE-101</marc:subfield>
      <marc:subfield code="2">23sdnb</marc:subfield>
    </marc:datafield>
    <marc:datafield ind1="1" ind2=" " tag="100">
      <marc:subfield code="0">(DE-588)118541579</marc:subfield>
      <marc:subfield code="0">http://d-nb.info/gnd/118541579</marc:subfield>
      <marc:subfield code="0">(DE-101)118541579</marc:subfield>
      <marc:subfield code="a">Grass, Günter</marc:subfield>
      <marc:subfield code="d">1927-2015</marc:subfield>
      <marc:subfield code="e">Verfasser</marc:subfield>
      <marc:subfield code="4">aut</marc:subfield>
      <marc:subfield code="1p">http://viaf.org/viaf/102319859</marc:subfield>
    </marc:datafield>
    <marc:datafield ind1="1" ind2="0" tag="240">
      <marc:subfield code="0">(DE-588)112213326X</marc:subfield>
      <marc:subfield code="0">http://d-nb.info/gnd/112213326X</marc:subfield>
      <marc:subfield code="0">(DE-101)112213326X</marc:subfield>
      <marc:subfield code="a">Grimms Wörter</marc:subfield>
      <marc:subfield code="1w">http://viaf.org/viaf/6194148269702405230001</marc:subfield>
    </marc:datafield>
    <marc:datafield ind1="0" ind2="0" tag="245">
      <marc:subfield code="a">Nora Gomringer und Günter Baby Sommer: Grimms Wörter</marc:subfield>
      <marc:subfield code="c">von Günter Grass</marc:subfield>
    </marc:datafield>
    <marc:datafield ind1="3" ind2=" " tag="246">
      <marc:subfield code="a">Grimms Wörter</marc:subfield>
    </marc:datafield>
    <marc:datafield ind1=" " ind2=" " tag="250">
      <marc:subfield code="a">[1. Auflage]</marc:subfield>
    </marc:datafield>
    <marc:datafield ind1=" " ind2=" " tag="259">
      <marc:subfield code="a">11</marc:subfield>
    </marc:datafield>
    <marc:datafield ind1=" " ind2="1" tag="264">
      <marc:subfield code="a">Göttingen</marc:subfield>
      <marc:subfield code="b">Steidl Verlag</marc:subfield>
      <marc:subfield code="c">[2017]</marc:subfield>
    </marc:datafield>
    <marc:datafield ind1=" " ind2=" " tag="300">
      <marc:subfield code="a">1 CD</marc:subfield>
      <marc:subfield code="e">1 Booklet (12 ungezählte Seiten)</marc:subfield>
    </marc:datafield>
    <marc:datafield ind1=" " ind2=" " tag="336">
      <marc:subfield code="a">gesprochenes Wort</marc:subfield>
      <marc:subfield code="b">spw</marc:subfield>
      <marc:subfield code="2">rdacontent</marc:subfield>
    </marc:datafield>
    <marc:datafield ind1=" " ind2=" " tag="337">
      <marc:subfield code="a">audio</marc:subfield>
      <marc:subfield code="b">s</marc:subfield>
      <marc:subfield code="2">rdamedia</marc:subfield>
    </marc:datafield>
    <marc:datafield ind1=" " ind2=" " tag="338">
      <marc:subfield code="a">Audiodisk</marc:subfield>
      <marc:subfield code="b">sd</marc:subfield>
      <marc:subfield code="2">rdacarrier</marc:subfield>
    </marc:datafield>
    <marc:datafield ind1="0" ind2=" " tag="490">
      <marc:subfield code="a">Steidl Hörbuch</marc:subfield>
    </marc:datafield>
    <marc:datafield ind1=" " ind2=" " tag="653">
      <marc:subfield code="a">(Produktform)CD-Audio</marc:subfield>
    </marc:datafield>
    <marc:datafield ind1=" " ind2=" " tag="653">
      <marc:subfield code="a">Lesung</marc:subfield>
    </marc:datafield>
    <marc:datafield ind1=" " ind2=" " tag="653">
      <marc:subfield code="a">Günter Grass Bühnenprogramm</marc:subfield>
    </marc:datafield>
    <marc:datafield ind1=" " ind2=" " tag="653">
      <marc:subfield code="a">Schlagzeug</marc:subfield>
    </marc:datafield>
    <marc:datafield ind1=" " ind2=" " tag="653">
      <marc:subfield code="a">(VLB-WN)5110: Audio-CD, Kassette / Belletristik/Erzählende Literatur</marc:subfield>
    </marc:datafield>
    
    
    
    
    <marc:datafield ind1="1" ind2=" " tag="700">
      <marc:subfield code="0">(DE-588)123821762</marc:subfield>
      <marc:subfield code="0">http://d-nb.info/gnd/123821762</marc:subfield>
      <marc:subfield code="0">(DE-101)123821762</marc:subfield>
      <marc:subfield code="a">Gomringer, Nora</marc:subfield>
      <marc:subfield code="d">1980-</marc:subfield>
      <marc:subfield code="e">Erzähler</marc:subfield>
      <marc:subfield code="4">nrt</marc:subfield>
      <marc:subfield code="1p">gomringernora</marc:subfield>
    </marc:datafield>
    <marc:datafield ind1="1" ind2=" " tag="700">
      <marc:subfield code="0">(DE-588)129481041</marc:subfield>
      <marc:subfield code="0">http://d-nb.info/gnd/129481041</marc:subfield>
      <marc:subfield code="0">(DE-101)129481041</marc:subfield>
      <marc:subfield code="a">Sommer, Günter</marc:subfield>
      <marc:subfield code="d">1943-</marc:subfield>
      <marc:subfield code="e">Mitwirkender</marc:subfield>
      <marc:subfield code="4">ctb</marc:subfield>
      <marc:subfield code="1p">sommergunter</marc:subfield>
    </marc:datafield>
    <marc:datafield ind1="2" ind2=" " tag="710">
      <marc:subfield code="0">(DE-588)4444671-8</marc:subfield>
      <marc:subfield code="0">http://d-nb.info/gnd/4444671-8</marc:subfield>
      <marc:subfield code="0">(DE-101)949897981</marc:subfield>
      <marc:subfield code="a">Gerhard Steidl GmbH &amp; Co. oHG</marc:subfield>
      <marc:subfield code="e">Verlag</marc:subfield>
      <marc:subfield code="4">pbl</marc:subfield>
    </marc:datafield>
    <marc:datafield ind1=" " ind2=" " tag="850">
      <marc:subfield code="a">DE-101a</marc:subfield>
      <marc:subfield code="a">DE-101b</marc:subfield>
    </marc:datafield>
    <marc:datafield ind1="4" ind2="2" tag="856">
      <marc:subfield code="m">X:MVB</marc:subfield>
      <marc:subfield code="q">text/html</marc:subfield>
      <marc:subfield code="u">http://deposit.dnb.de/cgi-bin/dokserv?id=ecba9f5c8117434c9a8bef5333580493&amp;prov=M&amp;dok_var=1&amp;dok_ext=htm</marc:subfield>
      <marc:subfield code="3">Inhaltstext</marc:subfield>
    </marc:datafield>
  </marc:record>