
  <marc:record type="Bibliographic" source="1999-DNB-Germany-Gunter-Grass.xml">
    <marc:leader>00000pam a2200000 c 4500</marc:leader>
    <marc:controlfield tag="001">1070095400</marc:controlfield>
    <marc:controlfield tag="003">DE-101</marc:controlfield>
    <marc:controlfield tag="005">20171202092221.0</marc:controlfield>
    <marc:controlfield tag="007">tu</marc:controlfield>
    <marc:controlfield tag="008">150424s2015    gw ||||| |||| 00||||ger  </marc:controlfield>
    <marc:datafield ind1=" " ind2=" " tag="015">
      <marc:subfield code="a">15,A32</marc:subfield>
      <marc:subfield code="z">15,N18</marc:subfield>
      <marc:subfield code="2">dnb</marc:subfield>
    </marc:datafield>
    <marc:datafield ind1="7" ind2=" " tag="016">
      <marc:subfield code="2">DE-101</marc:subfield>
      <marc:subfield code="a">1070095400</marc:subfield>
    </marc:datafield>
    <marc:datafield ind1=" " ind2=" " tag="020">
      <marc:subfield code="a">9783423144803</marc:subfield>
      <marc:subfield code="c">kart. : EUR 14.90 (DE), EUR 15.40 (AT), sfr 21.90 (freier Pr.)</marc:subfield>
      <marc:subfield code="9">978-3-423-14480-3</marc:subfield>
    </marc:datafield>
    <marc:datafield ind1=" " ind2=" " tag="020">
      <marc:subfield code="a">3423144807</marc:subfield>
      <marc:subfield code="9">3-423-14480-7</marc:subfield>
    </marc:datafield>
    <marc:datafield ind1="3" ind2=" " tag="024">
      <marc:subfield code="a">9783423144803</marc:subfield>
    </marc:datafield>
    <marc:datafield ind1=" " ind2=" " tag="035">
      <marc:subfield code="a">(DE-599)DNB1070095400</marc:subfield>
    </marc:datafield>
    <marc:datafield ind1=" " ind2=" " tag="035">
      <marc:subfield code="a">(OCoLC)908258231</marc:subfield>
    </marc:datafield>
    <marc:datafield ind1=" " ind2=" " tag="040">
      <marc:subfield code="a">1245</marc:subfield>
      <marc:subfield code="b">ger</marc:subfield>
      <marc:subfield code="c">DE-101</marc:subfield>
      <marc:subfield code="d">9999</marc:subfield>
    </marc:datafield>
    <marc:datafield ind1=" " ind2=" " tag="041">
      <marc:subfield code="a">ger</marc:subfield>
    </marc:datafield>
    <marc:datafield ind1=" " ind2=" " tag="044">
      <marc:subfield code="c">XA-DE-BY</marc:subfield>
    </marc:datafield>
    <marc:datafield ind1="7" ind2="4" tag="082">
      <marc:subfield code="a">830</marc:subfield>
      <marc:subfield code="a">B</marc:subfield>
      <marc:subfield code="q">DE-101</marc:subfield>
      <marc:subfield code="2">23sdnb</marc:subfield>
    </marc:datafield>
    <marc:datafield ind1=" " ind2=" " tag="090">
      <marc:subfield code="a">b</marc:subfield>
    </marc:datafield>
    <marc:datafield ind1="1" ind2=" " tag="100">
      <marc:subfield code="0">(DE-588)118541579</marc:subfield>
      <marc:subfield code="0">http://d-nb.info/gnd/118541579</marc:subfield>
      <marc:subfield code="0">(DE-101)118541579</marc:subfield>
      <marc:subfield code="a">Grass, Günter</marc:subfield>
      <marc:subfield code="d">1927-2015</marc:subfield>
      <marc:subfield code="e">Verfasser</marc:subfield>
      <marc:subfield code="4">aut</marc:subfield>
      <marc:subfield code="1p">http://viaf.org/viaf/102319859</marc:subfield>
    </marc:datafield>
    <marc:datafield tag="240" ind1="1" ind2="0">
      <marc:subfield code="a">Der Butt</marc:subfield>
      <marc:subfield code="1w">http://viaf.org/viaf/213148121</marc:subfield>
      <marc:subfield code="2">generated from 245</marc:subfield>
    </marc:datafield>
    <marc:datafield ind1="0" ind2="0" tag="245">
      <marc:subfield code="a">Der Butt</marc:subfield>
      <marc:subfield code="b">Roman</marc:subfield>
      <marc:subfield code="c">Günter Grass</marc:subfield>
    </marc:datafield>
    <marc:datafield ind1=" " ind2=" " tag="250">
      <marc:subfield code="a">7., neu durchges. Aufl.</marc:subfield>
    </marc:datafield>
    <marc:datafield ind1=" " ind2=" " tag="259">
      <marc:subfield code="a">17</marc:subfield>
    </marc:datafield>
    <marc:datafield ind1=" " ind2="1" tag="264">
      <marc:subfield code="a">München</marc:subfield>
      <marc:subfield code="b">Dt. Taschenbuch-Verl.</marc:subfield>
      <marc:subfield code="c">2015</marc:subfield>
    </marc:datafield>
    <marc:datafield ind1=" " ind2=" " tag="300">
      <marc:subfield code="a">694 S.</marc:subfield>
      <marc:subfield code="c">20 cm</marc:subfield>
    </marc:datafield>
    <marc:datafield ind1=" " ind2=" " tag="336">
      <marc:subfield code="a">Text</marc:subfield>
      <marc:subfield code="b">txt</marc:subfield>
      <marc:subfield code="2">rdacontent</marc:subfield>
    </marc:datafield>
    <marc:datafield ind1=" " ind2=" " tag="337">
      <marc:subfield code="a">ohne Hilfsmittel zu benutzen</marc:subfield>
      <marc:subfield code="b">n</marc:subfield>
      <marc:subfield code="2">rdamedia</marc:subfield>
    </marc:datafield>
    <marc:datafield ind1=" " ind2=" " tag="338">
      <marc:subfield code="a">Band</marc:subfield>
      <marc:subfield code="b">nc</marc:subfield>
      <marc:subfield code="2">rdacarrier</marc:subfield>
    </marc:datafield>
    <marc:datafield ind1="1" ind2=" " tag="490">
      <marc:subfield code="a">dtv</marc:subfield>
      <marc:subfield code="v">14480</marc:subfield>
    </marc:datafield>
    <marc:datafield ind1=" " ind2=" " tag="500">
      <marc:subfield code="a">Früher als: dtv ; 11824</marc:subfield>
    </marc:datafield>
    
    
    
    
    <marc:datafield ind1=" " ind2=" " tag="653">
      <marc:subfield code="a">(Produktform)Paperback / softback</marc:subfield>
    </marc:datafield>
    <marc:datafield ind1=" " ind2=" " tag="653">
      <marc:subfield code="a">(Produktform (spezifisch))Trade paperback (US)</marc:subfield>
    </marc:datafield>
    <marc:datafield ind1=" " ind2=" " tag="653">
      <marc:subfield code="a">(VLB-WN)2112: Taschenbuch / Belletristik/Gegenwartsliteratur (ab 1945)</marc:subfield>
    </marc:datafield>
    
    
    
    
    
    
    
    
    
    <marc:datafield ind1="2" ind2=" " tag="710">
      <marc:subfield code="0">(DE-588)2008574-6</marc:subfield>
      <marc:subfield code="0">http://d-nb.info/gnd/2008574-6</marc:subfield>
      <marc:subfield code="0">(DE-101)004683269</marc:subfield>
      <marc:subfield code="a">Deutscher Taschenbuch-Verlag</marc:subfield>
      <marc:subfield code="g">München</marc:subfield>
      <marc:subfield code="e">Verlag</marc:subfield>
      <marc:subfield code="4">pbl</marc:subfield>
    </marc:datafield>
    <marc:datafield ind1=" " ind2="0" tag="830">
      <marc:subfield code="a">dtv</marc:subfield>
      <marc:subfield code="v">14480</marc:subfield>
      <marc:subfield code="w">(DE-101)015250849</marc:subfield>
      <marc:subfield code="w">(DE-600)986583-4</marc:subfield>
      <marc:subfield code="9">514480</marc:subfield>
      <marc:subfield code="7">as</marc:subfield>
    </marc:datafield>
    <marc:datafield ind1=" " ind2=" " tag="850">
      <marc:subfield code="a">DE-101a</marc:subfield>
      <marc:subfield code="a">DE-101b</marc:subfield>
    </marc:datafield>
    <marc:datafield ind1="4" ind2="2" tag="856">
      <marc:subfield code="m">B:DE-101</marc:subfield>
      <marc:subfield code="q">application/pdf</marc:subfield>
      <marc:subfield code="u">http://d-nb.info/1070095400/04</marc:subfield>
      <marc:subfield code="3">Inhaltsverzeichnis</marc:subfield>
    </marc:datafield>
    <marc:datafield ind1="4" ind2="2" tag="856">
      <marc:subfield code="m">X:MVB</marc:subfield>
      <marc:subfield code="q">text/html</marc:subfield>
      <marc:subfield code="u">http://deposit.dnb.de/cgi-bin/dokserv?id=5214056&amp;prov=M&amp;dok_var=1&amp;dok_ext=htm</marc:subfield>
      <marc:subfield code="3">Inhaltstext</marc:subfield>
    </marc:datafield>
  </marc:record>