
  <marc:record type="Bibliographic" source="1999-DNB-Germany-Gunter-Grass.xml">
    <marc:leader>00000nam a2200000 c 4500</marc:leader>
    <marc:controlfield tag="001">963914634</marc:controlfield>
    <marc:controlfield tag="003">DE-101</marc:controlfield>
    <marc:controlfield tag="005">20171203122551.0</marc:controlfield>
    <marc:controlfield tag="007">tu</marc:controlfield>
    <marc:controlfield tag="008">020226s2001    sp ||||| |||| 00||||spa  </marc:controlfield>
    <marc:datafield ind1=" " ind2=" " tag="015">
      <marc:subfield code="a">02,G02,2113</marc:subfield>
      <marc:subfield code="2">dnb</marc:subfield>
    </marc:datafield>
    <marc:datafield ind1="7" ind2=" " tag="016">
      <marc:subfield code="2">DE-101</marc:subfield>
      <marc:subfield code="a">963914634</marc:subfield>
    </marc:datafield>
    <marc:datafield ind1=" " ind2=" " tag="020">
      <marc:subfield code="a">8466301909</marc:subfield>
      <marc:subfield code="c">kart.</marc:subfield>
      <marc:subfield code="9">84-663-0190-9</marc:subfield>
    </marc:datafield>
    <marc:datafield ind1=" " ind2=" " tag="035">
      <marc:subfield code="a">(DE-599)DNB963914634</marc:subfield>
    </marc:datafield>
    <marc:datafield ind1=" " ind2=" " tag="035">
      <marc:subfield code="a">(OCoLC)722968909</marc:subfield>
    </marc:datafield>
    <marc:datafield ind1=" " ind2=" " tag="040">
      <marc:subfield code="a">1140</marc:subfield>
      <marc:subfield code="b">ger</marc:subfield>
      <marc:subfield code="c">DE-101</marc:subfield>
      <marc:subfield code="d">9999</marc:subfield>
    </marc:datafield>
    <marc:datafield ind1=" " ind2=" " tag="041">
      <marc:subfield code="a">spa</marc:subfield>
      <marc:subfield code="h">ger</marc:subfield>
    </marc:datafield>
    <marc:datafield ind1=" " ind2=" " tag="044">
      <marc:subfield code="c">XA-ES</marc:subfield>
    </marc:datafield>
    <marc:datafield ind1=" " ind2=" " tag="084">
      <marc:subfield code="a">59</marc:subfield>
      <marc:subfield code="a">810</marc:subfield>
      <marc:subfield code="a">820</marc:subfield>
      <marc:subfield code="a">830</marc:subfield>
      <marc:subfield code="a">839</marc:subfield>
      <marc:subfield code="a">840</marc:subfield>
      <marc:subfield code="a">850</marc:subfield>
      <marc:subfield code="a">860</marc:subfield>
      <marc:subfield code="a">870</marc:subfield>
      <marc:subfield code="a">880</marc:subfield>
      <marc:subfield code="a">890</marc:subfield>
      <marc:subfield code="a">B</marc:subfield>
      <marc:subfield code="q">DE-101</marc:subfield>
      <marc:subfield code="2">sdnb</marc:subfield>
    </marc:datafield>
    <marc:datafield ind1="1" ind2=" " tag="100">
      <marc:subfield code="0">(DE-588)118541579</marc:subfield>
      <marc:subfield code="0">http://d-nb.info/gnd/118541579</marc:subfield>
      <marc:subfield code="0">(DE-101)118541579</marc:subfield>
      <marc:subfield code="a">Grass, Günter</marc:subfield>
      <marc:subfield code="d">1927-2015</marc:subfield>
      <marc:subfield code="e">Verfasser</marc:subfield>
      <marc:subfield code="4">aut</marc:subfield>
      <marc:subfield code="1p">http://viaf.org/viaf/102319859</marc:subfield>
    </marc:datafield>
    <marc:datafield tag="240" ind1="1" ind2="0">
      <marc:subfield code="a">Mein Jahrhundert</marc:subfield>
      <marc:subfield code="1w">http://www.wikidata.org/entity/Q1669964</marc:subfield>
      <marc:subfield code="2">generated from 245</marc:subfield>
      <marc:subfield code="l">spa</marc:subfield>
    </marc:datafield>
    <marc:datafield ind1="0" ind2="0" tag="245">
      <marc:subfield code="a">Mi siglo</marc:subfield>
      <marc:subfield code="c">Günter Grass. [Trad. Miguel Sáenz]</marc:subfield>
    </marc:datafield>
    <marc:datafield ind1=" " ind2="1" tag="264">
      <marc:subfield code="a">[Madrid]</marc:subfield>
      <marc:subfield code="b">Suma de Letras</marc:subfield>
      <marc:subfield code="c">2001</marc:subfield>
    </marc:datafield>
    <marc:datafield ind1=" " ind2=" " tag="300">
      <marc:subfield code="a">494 S.</marc:subfield>
      <marc:subfield code="c">18 cm</marc:subfield>
    </marc:datafield>
    <marc:datafield ind1=" " ind2=" " tag="336">
      <marc:subfield code="a">Text</marc:subfield>
      <marc:subfield code="b">txt</marc:subfield>
      <marc:subfield code="2">rdacontent</marc:subfield>
    </marc:datafield>
    <marc:datafield ind1=" " ind2=" " tag="337">
      <marc:subfield code="a">ohne Hilfsmittel zu benutzen</marc:subfield>
      <marc:subfield code="b">n</marc:subfield>
      <marc:subfield code="2">rdamedia</marc:subfield>
    </marc:datafield>
    <marc:datafield ind1=" " ind2=" " tag="338">
      <marc:subfield code="a">Band</marc:subfield>
      <marc:subfield code="b">nc</marc:subfield>
      <marc:subfield code="2">rdacarrier</marc:subfield>
    </marc:datafield>
    <marc:datafield ind1="1" ind2=" " tag="490">
      <marc:subfield code="a">Punto de lectura</marc:subfield>
      <marc:subfield code="v">41,2</marc:subfield>
    </marc:datafield>
    <marc:datafield ind1=" " ind2="0" tag="830">
      <marc:subfield code="a">Punto de lectura</marc:subfield>
      <marc:subfield code="v">41,2</marc:subfield>
      <marc:subfield code="w">(DE-101)025228153</marc:subfield>
      <marc:subfield code="w">(DE-600)2124070-X</marc:subfield>
      <marc:subfield code="9">241 12</marc:subfield>
      <marc:subfield code="7">as</marc:subfield>
    </marc:datafield>
    <marc:datafield ind1=" " ind2=" " tag="850">
      <marc:subfield code="a">DE-101a</marc:subfield>
    </marc:datafield>
  </marc:record>