
  <marc:record type="Bibliographic" source="1999-DNB-Germany-Gunter-Grass.xml">
    <marc:leader>00000pam a2200000 c 4500</marc:leader>
    <marc:controlfield tag="001">945558082</marc:controlfield>
    <marc:controlfield tag="003">DE-101</marc:controlfield>
    <marc:controlfield tag="005">20171202222534.0</marc:controlfield>
    <marc:controlfield tag="007">tu</marc:controlfield>
    <marc:controlfield tag="008">950914s1995    au ||||| |||| 00||||ger  </marc:controlfield>
    <marc:datafield ind1=" " ind2=" " tag="015">
      <marc:subfield code="a">96,B07,0562</marc:subfield>
      <marc:subfield code="z">95,N41,0558</marc:subfield>
      <marc:subfield code="2">dnb</marc:subfield>
    </marc:datafield>
    <marc:datafield ind1="7" ind2=" " tag="016">
      <marc:subfield code="2">DE-101</marc:subfield>
      <marc:subfield code="a">945558082</marc:subfield>
    </marc:datafield>
    <marc:datafield ind1=" " ind2=" " tag="020">
      <marc:subfield code="a">9783950039009</marc:subfield>
      <marc:subfield code="c">kart. : DM 28.00, S 195.00</marc:subfield>
      <marc:subfield code="9">978-3-9500390-0-9</marc:subfield>
    </marc:datafield>
    <marc:datafield ind1=" " ind2=" " tag="020">
      <marc:subfield code="a">3950039007</marc:subfield>
      <marc:subfield code="c">kart. : DM 28.00, S 195.00</marc:subfield>
      <marc:subfield code="9">3-9500390-0-7</marc:subfield>
    </marc:datafield>
    <marc:datafield ind1=" " ind2=" " tag="020">
      <marc:subfield code="z">3950039023</marc:subfield>
      <marc:subfield code="c">kart. : DM 28.00, S 195.00</marc:subfield>
      <marc:subfield code="9">3-9500390-2-3</marc:subfield>
    </marc:datafield>
    <marc:datafield ind1=" " ind2=" " tag="035">
      <marc:subfield code="a">(DE-599)DNB945558082</marc:subfield>
    </marc:datafield>
    <marc:datafield ind1=" " ind2=" " tag="035">
      <marc:subfield code="a">(OCoLC)174022996</marc:subfield>
    </marc:datafield>
    <marc:datafield ind1=" " ind2=" " tag="040">
      <marc:subfield code="a">1140</marc:subfield>
      <marc:subfield code="b">ger</marc:subfield>
      <marc:subfield code="c">DE-101</marc:subfield>
      <marc:subfield code="d">9999</marc:subfield>
    </marc:datafield>
    <marc:datafield ind1=" " ind2=" " tag="041">
      <marc:subfield code="a">ger</marc:subfield>
    </marc:datafield>
    <marc:datafield ind1=" " ind2=" " tag="043">
      <marc:subfield code="c">XA-DE</marc:subfield>
    </marc:datafield>
    <marc:datafield ind1=" " ind2=" " tag="044">
      <marc:subfield code="c">XA-AT</marc:subfield>
    </marc:datafield>
    <marc:datafield ind1=" " ind2=" " tag="084">
      <marc:subfield code="a">53</marc:subfield>
      <marc:subfield code="a">430</marc:subfield>
      <marc:subfield code="a">830</marc:subfield>
      <marc:subfield code="q">DE-101</marc:subfield>
      <marc:subfield code="2">sdnb</marc:subfield>
    </marc:datafield>
    <marc:datafield ind1=" " ind2=" " tag="084">
      <marc:subfield code="a">12.2p</marc:subfield>
      <marc:subfield code="q">DE-101</marc:subfield>
      <marc:subfield code="2">sswd</marc:subfield>
    </marc:datafield>
    <marc:datafield ind1="0" ind2="0" tag="245">
      <marc:subfield code="a">Zerreissprobe</marc:subfield>
      <marc:subfield code="b">der neue Roman von Günter Grass "Ein weites Feld" und die Literaturkritik ; eine Dokumentation ; eine Veröffentlichung des Innsbrucker Zeitungsarchivs</marc:subfield>
      <marc:subfield code="c">zsgest. von Georg Oberhammer und Georg Ostermann</marc:subfield>
    </marc:datafield>
    <marc:datafield ind1=" " ind2="1" tag="264">
      <marc:subfield code="a">Innsbruck</marc:subfield>
      <marc:subfield code="b">Innsbrucker Zeitungsarchiv</marc:subfield>
      <marc:subfield code="c">1995</marc:subfield>
    </marc:datafield>
    <marc:datafield ind1=" " ind2=" " tag="300">
      <marc:subfield code="a">335 S.</marc:subfield>
      <marc:subfield code="b">Ill.</marc:subfield>
      <marc:subfield code="c">30 cm</marc:subfield>
    </marc:datafield>
    <marc:datafield ind1=" " ind2=" " tag="336">
      <marc:subfield code="a">Text</marc:subfield>
      <marc:subfield code="b">txt</marc:subfield>
      <marc:subfield code="2">rdacontent</marc:subfield>
    </marc:datafield>
    <marc:datafield ind1=" " ind2=" " tag="337">
      <marc:subfield code="a">ohne Hilfsmittel zu benutzen</marc:subfield>
      <marc:subfield code="b">n</marc:subfield>
      <marc:subfield code="2">rdamedia</marc:subfield>
    </marc:datafield>
    <marc:datafield ind1=" " ind2=" " tag="338">
      <marc:subfield code="a">Band</marc:subfield>
      <marc:subfield code="b">nc</marc:subfield>
      <marc:subfield code="2">rdacarrier</marc:subfield>
    </marc:datafield>
    <marc:datafield ind1="1" ind2=" " tag="490">
      <marc:subfield code="a">Innsbrucker Veröffentlichungen zur Alltagsrezeption</marc:subfield>
      <marc:subfield code="v">Nr. 3</marc:subfield>
    </marc:datafield>
    <marc:datafield ind1=" " ind2=" " tag="500">
      <marc:subfield code="a">Literaturverz. S. 7 - 12</marc:subfield>
    </marc:datafield>
    <marc:datafield ind1="1" ind2="7" tag="600">
      <marc:subfield code="0">(DE-588)4398260-8</marc:subfield>
      <marc:subfield code="0">http://d-nb.info/gnd/4398260-8</marc:subfield>
      <marc:subfield code="0">(DE-101)946538166</marc:subfield>
      <marc:subfield code="a">Grass, Günter</marc:subfield>
      <marc:subfield code="d">1927-2015</marc:subfield>
      <marc:subfield code="t">Ein weites Feld</marc:subfield>
      <marc:subfield code="2">gnd</marc:subfield>
      <marc:subfield code="1p">http://viaf.org/viaf/102319859</marc:subfield>
      <marc:subfield code="1w">http://www.wikidata.org/entity/Q1254354</marc:subfield>
    </marc:datafield>
    
    
    
    
    
    <marc:datafield ind1="1" ind2=" " tag="700">
      <marc:subfield code="0">(DE-588)113836554</marc:subfield>
      <marc:subfield code="0">http://d-nb.info/gnd/113836554</marc:subfield>
      <marc:subfield code="0">(DE-101)113836554</marc:subfield>
      <marc:subfield code="a">Oberhammer, Georg</marc:subfield>
      <marc:subfield code="e">Herausgeber</marc:subfield>
      <marc:subfield code="4">edt</marc:subfield>
      <marc:subfield code="1p">oberhammergeorg</marc:subfield>
    </marc:datafield>
    <marc:datafield ind1="2" ind2=" " tag="710">
      <marc:subfield code="0">(DE-588)2115808-3</marc:subfield>
      <marc:subfield code="0">http://d-nb.info/gnd/2115808-3</marc:subfield>
      <marc:subfield code="0">(DE-101)007633092</marc:subfield>
      <marc:subfield code="a">Innsbrucker Zeitungsarchiv zur Deutsch- und Fremdsprachigen Literatur</marc:subfield>
      <marc:subfield code="e">Herausgebendes Organ</marc:subfield>
      <marc:subfield code="4">isb</marc:subfield>
    </marc:datafield>
    <marc:datafield ind1=" " ind2="0" tag="830">
      <marc:subfield code="a">Innsbrucker Veröffentlichungen zur Alltagsrezeption</marc:subfield>
      <marc:subfield code="v">Nr. 3</marc:subfield>
      <marc:subfield code="w">(DE-101)977019969</marc:subfield>
      <marc:subfield code="w">(DE-600)2209396-5</marc:subfield>
      <marc:subfield code="9">13</marc:subfield>
      <marc:subfield code="7">as</marc:subfield>
    </marc:datafield>
    <marc:datafield ind1=" " ind2=" " tag="850">
      <marc:subfield code="a">DE-101a</marc:subfield>
      <marc:subfield code="a">DE-101b</marc:subfield>
    </marc:datafield>
  </marc:record>