
  <marc:record type="Bibliographic" source="1999-DNB-Germany-Gunter-Grass.xml">
    <marc:leader>00000nam a2200000 c 4500</marc:leader>
    <marc:controlfield tag="001">972407111</marc:controlfield>
    <marc:controlfield tag="003">DE-101</marc:controlfield>
    <marc:controlfield tag="005">20171203170054.0</marc:controlfield>
    <marc:controlfield tag="007">tu</marc:controlfield>
    <marc:controlfield tag="008">041007s2004    sw ||||| m||| 00||||ger  </marc:controlfield>
    <marc:datafield ind1=" " ind2=" " tag="015">
      <marc:subfield code="a">04,A52,1657</marc:subfield>
      <marc:subfield code="2">dnb</marc:subfield>
    </marc:datafield>
    <marc:datafield ind1="7" ind2=" " tag="016">
      <marc:subfield code="2">DE-101</marc:subfield>
      <marc:subfield code="a">972407111</marc:subfield>
    </marc:datafield>
    <marc:datafield ind1=" " ind2=" " tag="020">
      <marc:subfield code="a">9122020683</marc:subfield>
      <marc:subfield code="c">kart.</marc:subfield>
      <marc:subfield code="9">91-22-02068-3</marc:subfield>
    </marc:datafield>
    <marc:datafield ind1=" " ind2=" " tag="035">
      <marc:subfield code="a">(DE-599)DNB972407111</marc:subfield>
    </marc:datafield>
    <marc:datafield ind1=" " ind2=" " tag="035">
      <marc:subfield code="a">(OCoLC)237918440</marc:subfield>
    </marc:datafield>
    <marc:datafield ind1=" " ind2=" " tag="040">
      <marc:subfield code="a">1131</marc:subfield>
      <marc:subfield code="b">ger</marc:subfield>
      <marc:subfield code="c">DE-101</marc:subfield>
      <marc:subfield code="d">9999</marc:subfield>
    </marc:datafield>
    <marc:datafield ind1=" " ind2=" " tag="041">
      <marc:subfield code="a">ger</marc:subfield>
    </marc:datafield>
    <marc:datafield ind1=" " ind2=" " tag="044">
      <marc:subfield code="c">XA-SE</marc:subfield>
    </marc:datafield>
    <marc:datafield ind1="7" ind2="4" tag="082">
      <marc:subfield code="a">830</marc:subfield>
      <marc:subfield code="q">DE-101</marc:subfield>
      <marc:subfield code="2">22sdnb</marc:subfield>
    </marc:datafield>
    <marc:datafield ind1=" " ind2=" " tag="090">
      <marc:subfield code="a">b</marc:subfield>
    </marc:datafield>
    <marc:datafield ind1="1" ind2=" " tag="100">
      <marc:subfield code="0">(DE-588)129532215</marc:subfield>
      <marc:subfield code="0">http://d-nb.info/gnd/129532215</marc:subfield>
      <marc:subfield code="0">(DE-101)129532215</marc:subfield>
      <marc:subfield code="a">Rosell Steuer, Pernilla</marc:subfield>
      <marc:subfield code="d">1969-</marc:subfield>
      <marc:subfield code="e">Verfasser</marc:subfield>
      <marc:subfield code="4">aut</marc:subfield>
      <marc:subfield code="1p">rosellsteuerpernilla</marc:subfield>
    </marc:datafield>
    <marc:datafield ind1="0" ind2="0" tag="245">
      <marc:subfield code="a">... ein allzu weites Feld?</marc:subfield>
      <marc:subfield code="b">zu Übersetzungstheorie und Übersetzungspraxis anhand der Kulturspezifika in fünf Übersetzungen des Romans "Ein weites Feld" von Günter Grass</marc:subfield>
      <marc:subfield code="c">Pernilla Rosell Steuer</marc:subfield>
    </marc:datafield>
    <marc:datafield ind1=" " ind2="1" tag="264">
      <marc:subfield code="a">Stockholm</marc:subfield>
      <marc:subfield code="b">Almqvist och Wiksell Internat.</marc:subfield>
      <marc:subfield code="c">2004</marc:subfield>
    </marc:datafield>
    <marc:datafield ind1=" " ind2=" " tag="300">
      <marc:subfield code="a">414 S.</marc:subfield>
      <marc:subfield code="c">25 cm</marc:subfield>
    </marc:datafield>
    <marc:datafield ind1=" " ind2=" " tag="336">
      <marc:subfield code="a">Text</marc:subfield>
      <marc:subfield code="b">txt</marc:subfield>
      <marc:subfield code="2">rdacontent</marc:subfield>
    </marc:datafield>
    <marc:datafield ind1=" " ind2=" " tag="337">
      <marc:subfield code="a">ohne Hilfsmittel zu benutzen</marc:subfield>
      <marc:subfield code="b">n</marc:subfield>
      <marc:subfield code="2">rdamedia</marc:subfield>
    </marc:datafield>
    <marc:datafield ind1=" " ind2=" " tag="338">
      <marc:subfield code="a">Band</marc:subfield>
      <marc:subfield code="b">nc</marc:subfield>
      <marc:subfield code="2">rdacarrier</marc:subfield>
    </marc:datafield>
    <marc:datafield ind1="1" ind2=" " tag="490">
      <marc:subfield code="a">Stockholmer germanistische Forschungen</marc:subfield>
      <marc:subfield code="v">65</marc:subfield>
    </marc:datafield>
    <marc:datafield ind1="0" ind2=" " tag="490">
      <marc:subfield code="a">Acta Universitatis Stockholmiensis</marc:subfield>
    </marc:datafield>
    <marc:datafield ind1=" " ind2=" " tag="502">
      <marc:subfield code="a">Zugl.: Stockholm, Univ., Diss., 2004</marc:subfield>
    </marc:datafield>
    <marc:datafield ind1="1" ind2="7" tag="600">
      <marc:subfield code="0">(DE-588)4398260-8</marc:subfield>
      <marc:subfield code="0">http://d-nb.info/gnd/4398260-8</marc:subfield>
      <marc:subfield code="0">(DE-101)946538166</marc:subfield>
      <marc:subfield code="a">Grass, Günter</marc:subfield>
      <marc:subfield code="d">1927-2015</marc:subfield>
      <marc:subfield code="t">Ein weites Feld</marc:subfield>
      <marc:subfield code="2">gnd</marc:subfield>
      <marc:subfield code="1p">http://viaf.org/viaf/102319859</marc:subfield>
      <marc:subfield code="1w">http://www.wikidata.org/entity/Q1254354</marc:subfield>
    </marc:datafield>
    
    
    
    
    
    
    
    <marc:datafield ind1=" " ind2="0" tag="830">
      <marc:subfield code="a">Stockholmer germanistische Forschungen</marc:subfield>
      <marc:subfield code="v">65</marc:subfield>
      <marc:subfield code="w">(DE-101)012715069</marc:subfield>
      <marc:subfield code="w">(DE-600)514463-2</marc:subfield>
      <marc:subfield code="9">265</marc:subfield>
      <marc:subfield code="7">as</marc:subfield>
    </marc:datafield>
    <marc:datafield ind1=" " ind2=" " tag="850">
      <marc:subfield code="a">DE-101a</marc:subfield>
    </marc:datafield>
    <marc:datafield ind1="4" ind2="2" tag="856">
      <marc:subfield code="m">V:DE-604</marc:subfield>
      <marc:subfield code="q">application/pdf</marc:subfield>
      <marc:subfield code="u">http://d-nb.info/972407111/04</marc:subfield>
      <marc:subfield code="3">Inhaltsverzeichnis</marc:subfield>
    </marc:datafield>
  </marc:record>