
  <marc:record type="Bibliographic" source="1999-DNB-Germany-Gunter-Grass.xml">
    <marc:leader>00000nam a2200000uc 4500</marc:leader>
    <marc:controlfield tag="001">1144179033</marc:controlfield>
    <marc:controlfield tag="003">DE-101</marc:controlfield>
    <marc:controlfield tag="005">20171203160948.0</marc:controlfield>
    <marc:controlfield tag="007">cr||||||||||||</marc:controlfield>
    <marc:controlfield tag="008">171113s2017    gw |||||om||| 00||||ger  </marc:controlfield>
    <marc:datafield ind1=" " ind2=" " tag="015">
      <marc:subfield code="a">17,O12</marc:subfield>
      <marc:subfield code="2">dnb</marc:subfield>
    </marc:datafield>
    <marc:datafield ind1="7" ind2=" " tag="016">
      <marc:subfield code="2">DE-101</marc:subfield>
      <marc:subfield code="a">1144179033</marc:subfield>
    </marc:datafield>
    <marc:datafield ind1="7" ind2=" " tag="024">
      <marc:subfield code="2">urn</marc:subfield>
      <marc:subfield code="a">urn:nbn:de:bsz:352-2--dkkzcjyudw7f7</marc:subfield>
    </marc:datafield>
    <marc:datafield ind1=" " ind2=" " tag="035">
      <marc:subfield code="a">(DE-599)DNB1144179033</marc:subfield>
    </marc:datafield>
    <marc:datafield ind1=" " ind2=" " tag="035">
      <marc:subfield code="a">(OCoLC)1017040383</marc:subfield>
    </marc:datafield>
    <marc:datafield ind1=" " ind2=" " tag="040">
      <marc:subfield code="a">1240</marc:subfield>
      <marc:subfield code="b">ger</marc:subfield>
      <marc:subfield code="c">DE-101</marc:subfield>
      <marc:subfield code="d">9999</marc:subfield>
    </marc:datafield>
    <marc:datafield ind1=" " ind2=" " tag="041">
      <marc:subfield code="a">ger</marc:subfield>
    </marc:datafield>
    <marc:datafield ind1=" " ind2=" " tag="044">
      <marc:subfield code="c">XA-DE-BW</marc:subfield>
    </marc:datafield>
    <marc:datafield ind1="7" ind2="4" tag="082">
      <marc:subfield code="8">7\p</marc:subfield>
      <marc:subfield code="a">830</marc:subfield>
      <marc:subfield code="q">DE-101</marc:subfield>
      <marc:subfield code="2">23sdnb</marc:subfield>
    </marc:datafield>
    <marc:datafield ind1="1" ind2=" " tag="100">
      <marc:subfield code="0">(DE-588)1094342289</marc:subfield>
      <marc:subfield code="0">http://d-nb.info/gnd/1094342289</marc:subfield>
      <marc:subfield code="0">(DE-101)1094342289</marc:subfield>
      <marc:subfield code="a">Lee, Youngju</marc:subfield>
      <marc:subfield code="e">Verfasser</marc:subfield>
      <marc:subfield code="4">aut</marc:subfield>
      <marc:subfield code="1p">leeyoungju</marc:subfield>
    </marc:datafield>
    <marc:datafield ind1="0" ind2="0" tag="245">
      <marc:subfield code="a">Erinnerungspraktiken in der neuen Erinnerungsliteratur : "Erfundene Erinnerung" in den Werken Im Krebsgang von Günter Grass und Austerlitz von W. G. Sebald</marc:subfield>
      <marc:subfield code="c">Youngju Lee</marc:subfield>
    </marc:datafield>
    <marc:datafield ind1=" " ind2="1" tag="264">
      <marc:subfield code="a">Konstanz</marc:subfield>
      <marc:subfield code="b">Bibliothek der Universität Konstanz</marc:subfield>
      <marc:subfield code="c">2017</marc:subfield>
    </marc:datafield>
    <marc:datafield ind1=" " ind2=" " tag="300">
      <marc:subfield code="a">Online-Ressource</marc:subfield>
    </marc:datafield>
    <marc:datafield ind1=" " ind2=" " tag="336">
      <marc:subfield code="a">Text</marc:subfield>
      <marc:subfield code="b">txt</marc:subfield>
      <marc:subfield code="2">rdacontent</marc:subfield>
    </marc:datafield>
    <marc:datafield ind1=" " ind2=" " tag="337">
      <marc:subfield code="a">Computermedien</marc:subfield>
      <marc:subfield code="b">c</marc:subfield>
      <marc:subfield code="2">rdamedia</marc:subfield>
    </marc:datafield>
    <marc:datafield ind1=" " ind2=" " tag="338">
      <marc:subfield code="a">Online-Ressource</marc:subfield>
      <marc:subfield code="b">cr</marc:subfield>
      <marc:subfield code="2">rdacarrier</marc:subfield>
    </marc:datafield>
    <marc:datafield ind1=" " ind2=" " tag="502">
      <marc:subfield code="b">Dissertation</marc:subfield>
      <marc:subfield code="c">Konstanz, Universität Konstanz</marc:subfield>
      <marc:subfield code="d">2017</marc:subfield>
    </marc:datafield>
    <marc:datafield ind1="1" ind2=" " tag="583">
      <marc:subfield code="a">Langzeitarchivierung gewährleistet</marc:subfield>
      <marc:subfield code="i">LZA</marc:subfield>
    </marc:datafield>
    <marc:datafield ind1="1" ind2="7" tag="600">
      <marc:subfield code="8">1\p</marc:subfield>
      <marc:subfield code="0">(DE-588)119310007</marc:subfield>
      <marc:subfield code="0">http://d-nb.info/gnd/119310007</marc:subfield>
      <marc:subfield code="0">(DE-101)119310007</marc:subfield>
      <marc:subfield code="a">Sebald, W. G.</marc:subfield>
      <marc:subfield code="d">1944-2001</marc:subfield>
      <marc:subfield code="2">gnd</marc:subfield>
      <marc:subfield code="1p">sebaldwg</marc:subfield>
    </marc:datafield>
    <marc:datafield ind1="1" ind2="7" tag="600">
      <marc:subfield code="8">5\p</marc:subfield>
      <marc:subfield code="0">(DE-588)4710153-2</marc:subfield>
      <marc:subfield code="0">http://d-nb.info/gnd/4710153-2</marc:subfield>
      <marc:subfield code="0">(DE-101)965751600</marc:subfield>
      <marc:subfield code="a">Grass, Günter</marc:subfield>
      <marc:subfield code="d">1927-2015</marc:subfield>
      <marc:subfield code="t">Im Krebsgang</marc:subfield>
      <marc:subfield code="2">gnd</marc:subfield>
      <marc:subfield code="1p">http://viaf.org/viaf/102319859</marc:subfield>
      <marc:subfield code="1w">http://www.wikidata.org/entity/Q1460598</marc:subfield>
    </marc:datafield>
    
    
    
    
    
    <marc:datafield ind1=" " ind2=" " tag="850">
      <marc:subfield code="a">DE-101a</marc:subfield>
      <marc:subfield code="a">DE-101b</marc:subfield>
    </marc:datafield>
    <marc:datafield ind1="4" ind2="0" tag="856">
      <marc:subfield code="u">http://nbn-resolving.de/urn:nbn:de:bsz:352-2--dkkzcjyudw7f7</marc:subfield>
      <marc:subfield code="x">Resolving-System</marc:subfield>
    </marc:datafield>
    <marc:datafield ind1=" " ind2="0" tag="856">
      <marc:subfield code="u">http://d-nb.info/1144179033/34</marc:subfield>
      <marc:subfield code="x">Langzeitarchivierung Nationalbibliothek</marc:subfield>
    </marc:datafield>
    <marc:datafield ind1="4" ind2=" " tag="856">
      <marc:subfield code="u">https://kops.uni-konstanz.de/handle/123456789/40560</marc:subfield>
      <marc:subfield code="x">Verlag</marc:subfield>
      <marc:subfield code="z">kostenfrei</marc:subfield>
    </marc:datafield>
    <marc:datafield ind1="0" ind2=" " tag="883">
      <marc:subfield code="8">1\p</marc:subfield>
      <marc:subfield code="a">maschinell gebildet</marc:subfield>
      <marc:subfield code="c">0,10345</marc:subfield>
      <marc:subfield code="d">20171114</marc:subfield>
      <marc:subfield code="q">DE-101</marc:subfield>
    </marc:datafield>
    <marc:datafield ind1="0" ind2=" " tag="883">
      <marc:subfield code="8">2\p</marc:subfield>
      <marc:subfield code="a">maschinell gebildet</marc:subfield>
      <marc:subfield code="c">0,04717</marc:subfield>
      <marc:subfield code="d">20171114</marc:subfield>
      <marc:subfield code="q">DE-101</marc:subfield>
    </marc:datafield>
    <marc:datafield ind1="0" ind2=" " tag="883">
      <marc:subfield code="8">3\p</marc:subfield>
      <marc:subfield code="a">maschinell gebildet</marc:subfield>
      <marc:subfield code="c">0,04138</marc:subfield>
      <marc:subfield code="d">20171114</marc:subfield>
      <marc:subfield code="q">DE-101</marc:subfield>
    </marc:datafield>
    <marc:datafield ind1="0" ind2=" " tag="883">
      <marc:subfield code="8">4\p</marc:subfield>
      <marc:subfield code="a">maschinell gebildet</marc:subfield>
      <marc:subfield code="c">0,03309</marc:subfield>
      <marc:subfield code="d">20171114</marc:subfield>
      <marc:subfield code="q">DE-101</marc:subfield>
    </marc:datafield>
    <marc:datafield ind1="0" ind2=" " tag="883">
      <marc:subfield code="8">5\p</marc:subfield>
      <marc:subfield code="a">maschinell gebildet</marc:subfield>
      <marc:subfield code="c">0,03015</marc:subfield>
      <marc:subfield code="d">20171114</marc:subfield>
      <marc:subfield code="q">DE-101</marc:subfield>
    </marc:datafield>
    <marc:datafield ind1="0" ind2=" " tag="883">
      <marc:subfield code="8">6\p</marc:subfield>
      <marc:subfield code="a">maschinell gebildet</marc:subfield>
      <marc:subfield code="c">0,01359</marc:subfield>
      <marc:subfield code="d">20171114</marc:subfield>
      <marc:subfield code="q">DE-101</marc:subfield>
    </marc:datafield>
    <marc:datafield ind1="0" ind2=" " tag="883">
      <marc:subfield code="8">7\p</marc:subfield>
      <marc:subfield code="a">maschinell gebildet</marc:subfield>
      <marc:subfield code="c">0,99970</marc:subfield>
      <marc:subfield code="d">20171114</marc:subfield>
      <marc:subfield code="q">DE-101</marc:subfield>
    </marc:datafield>
  </marc:record>