
  <marc:record type="Bibliographic" source="1999-DNB-Germany-Gunter-Grass.xml">
    <marc:leader>00000nam a2200000 c 4500</marc:leader>
    <marc:controlfield tag="001">1029796734</marc:controlfield>
    <marc:controlfield tag="003">DE-101</marc:controlfield>
    <marc:controlfield tag="005">20171203065018.0</marc:controlfield>
    <marc:controlfield tag="007">tu</marc:controlfield>
    <marc:controlfield tag="008">130116s1974    it ||||| |||| 00||||ger  </marc:controlfield>
    <marc:datafield ind1=" " ind2=" " tag="015">
      <marc:subfield code="a">08,L01</marc:subfield>
      <marc:subfield code="2">dnb</marc:subfield>
    </marc:datafield>
    <marc:datafield ind1="7" ind2=" " tag="016">
      <marc:subfield code="2">DE-101</marc:subfield>
      <marc:subfield code="a">1029796734</marc:subfield>
    </marc:datafield>
    <marc:datafield ind1=" " ind2=" " tag="020">
      <marc:subfield code="c">lire 4200.00</marc:subfield>
    </marc:datafield>
    <marc:datafield ind1=" " ind2=" " tag="035">
      <marc:subfield code="a">(DE-599)DNB1029796734</marc:subfield>
    </marc:datafield>
    <marc:datafield ind1=" " ind2=" " tag="040">
      <marc:subfield code="a">1240</marc:subfield>
      <marc:subfield code="b">ger</marc:subfield>
      <marc:subfield code="c">DE-101</marc:subfield>
      <marc:subfield code="d">9999</marc:subfield>
    </marc:datafield>
    <marc:datafield ind1=" " ind2=" " tag="041">
      <marc:subfield code="a">ger</marc:subfield>
    </marc:datafield>
    <marc:datafield ind1=" " ind2=" " tag="044">
      <marc:subfield code="c">XA-IT</marc:subfield>
    </marc:datafield>
    <marc:datafield ind1="1" ind2=" " tag="100">
      <marc:subfield code="0">(DE-588)118541579</marc:subfield>
      <marc:subfield code="0">http://d-nb.info/gnd/118541579</marc:subfield>
      <marc:subfield code="0">(DE-101)118541579</marc:subfield>
      <marc:subfield code="a">Grass, Günter</marc:subfield>
      <marc:subfield code="d">1927-2015</marc:subfield>
      <marc:subfield code="e">Verfasser</marc:subfield>
      <marc:subfield code="4">aut</marc:subfield>
      <marc:subfield code="1p">http://viaf.org/viaf/102319859</marc:subfield>
    </marc:datafield>
    <marc:datafield ind1="0" ind2="0" tag="245">
      <marc:subfield code="a">Dal diario di una lumaca</marc:subfield>
      <marc:subfield code="c">Günter Grass. Trad. di Bruna Bianchi</marc:subfield>
    </marc:datafield>
    <marc:datafield ind1=" " ind2="1" tag="264">
      <marc:subfield code="a">Torino</marc:subfield>
      <marc:subfield code="b">Einaudi</marc:subfield>
      <marc:subfield code="c">1974</marc:subfield>
    </marc:datafield>
    <marc:datafield ind1=" " ind2=" " tag="300">
      <marc:subfield code="a">257 S.</marc:subfield>
      <marc:subfield code="c">22 cm</marc:subfield>
    </marc:datafield>
    <marc:datafield ind1=" " ind2=" " tag="336">
      <marc:subfield code="a">Text</marc:subfield>
      <marc:subfield code="b">txt</marc:subfield>
      <marc:subfield code="2">rdacontent</marc:subfield>
    </marc:datafield>
    <marc:datafield ind1=" " ind2=" " tag="337">
      <marc:subfield code="a">ohne Hilfsmittel zu benutzen</marc:subfield>
      <marc:subfield code="b">n</marc:subfield>
      <marc:subfield code="2">rdamedia</marc:subfield>
    </marc:datafield>
    <marc:datafield ind1=" " ind2=" " tag="338">
      <marc:subfield code="a">Band</marc:subfield>
      <marc:subfield code="b">nc</marc:subfield>
      <marc:subfield code="2">rdacarrier</marc:subfield>
    </marc:datafield>
    <marc:datafield ind1="1" ind2=" " tag="700">
      <marc:subfield code="0">(DE-588)113851162</marc:subfield>
      <marc:subfield code="0">http://d-nb.info/gnd/113851162</marc:subfield>
      <marc:subfield code="0">(DE-101)113851162</marc:subfield>
      <marc:subfield code="a">Bianchi, Bruna</marc:subfield>
      <marc:subfield code="d">1942-</marc:subfield>
      <marc:subfield code="e">Übersetzer</marc:subfield>
      <marc:subfield code="4">trl</marc:subfield>
      <marc:subfield code="1p">bianchibruna</marc:subfield>
    </marc:datafield>
    <marc:datafield ind1="1" ind2="2" tag="700">
      <marc:subfield code="a">Grass, Günter</marc:subfield>
      <marc:subfield code="d">1927-2015</marc:subfield>
      <marc:subfield code="t">Aus dem Tagebuch einer Schnecke</marc:subfield>
      <marc:subfield code="g">ital.</marc:subfield>
      <marc:subfield code="1p">http://viaf.org/viaf/102319859</marc:subfield>
      <marc:subfield code="1w">http://oslomet.workid.no/gg/08</marc:subfield>
    </marc:datafield>
    <marc:datafield ind1=" " ind2=" " tag="850">
      <marc:subfield code="a">DE-101b</marc:subfield>
    </marc:datafield>
  </marc:record>