
  <marc:record type="Bibliographic" source="1999-DNB-Germany-Gunter-Grass.xml">
    <marc:leader>00000pam a2200000 c 4500</marc:leader>
    <marc:controlfield tag="001">961186771</marc:controlfield>
    <marc:controlfield tag="003">DE-101</marc:controlfield>
    <marc:controlfield tag="005">20171203105511.0</marc:controlfield>
    <marc:controlfield tag="007">tu</marc:controlfield>
    <marc:controlfield tag="008">010322s2001    gw ||||| m||| 00||||ger  </marc:controlfield>
    <marc:datafield ind1=" " ind2=" " tag="015">
      <marc:subfield code="a">01,A48,1440</marc:subfield>
      <marc:subfield code="z">01,N17,0561</marc:subfield>
      <marc:subfield code="2">dnb</marc:subfield>
    </marc:datafield>
    <marc:datafield ind1="7" ind2=" " tag="016">
      <marc:subfield code="2">DE-101</marc:subfield>
      <marc:subfield code="a">961186771</marc:subfield>
    </marc:datafield>
    <marc:datafield ind1=" " ind2=" " tag="020">
      <marc:subfield code="a">9783935556606</marc:subfield>
      <marc:subfield code="c">kart. : EUR 50.11</marc:subfield>
      <marc:subfield code="9">978-3-935556-60-6</marc:subfield>
    </marc:datafield>
    <marc:datafield ind1=" " ind2=" " tag="020">
      <marc:subfield code="a">3935556608</marc:subfield>
      <marc:subfield code="c">kart. : EUR 50.11</marc:subfield>
      <marc:subfield code="9">3-935556-60-8</marc:subfield>
    </marc:datafield>
    <marc:datafield ind1=" " ind2=" " tag="035">
      <marc:subfield code="a">(DE-599)DNB961186771</marc:subfield>
    </marc:datafield>
    <marc:datafield ind1=" " ind2=" " tag="035">
      <marc:subfield code="a">(OCoLC)722959377</marc:subfield>
    </marc:datafield>
    <marc:datafield ind1=" " ind2=" " tag="040">
      <marc:subfield code="a">1240</marc:subfield>
      <marc:subfield code="b">ger</marc:subfield>
      <marc:subfield code="c">DE-101</marc:subfield>
      <marc:subfield code="d">9999</marc:subfield>
    </marc:datafield>
    <marc:datafield ind1=" " ind2=" " tag="041">
      <marc:subfield code="a">ger</marc:subfield>
    </marc:datafield>
    <marc:datafield ind1=" " ind2=" " tag="043">
      <marc:subfield code="c">XA-AT</marc:subfield>
      <marc:subfield code="c">XB-IL</marc:subfield>
      <marc:subfield code="c">XB-JO</marc:subfield>
      <marc:subfield code="c">XT</marc:subfield>
      <marc:subfield code="c">XA-DE</marc:subfield>
      <marc:subfield code="c">XB-IL</marc:subfield>
      <marc:subfield code="c">XB-JO</marc:subfield>
      <marc:subfield code="c">XT</marc:subfield>
      <marc:subfield code="c">XA-DE</marc:subfield>
      <marc:subfield code="c">XB-IL</marc:subfield>
      <marc:subfield code="c">XB-JO</marc:subfield>
      <marc:subfield code="c">XT</marc:subfield>
    </marc:datafield>
    <marc:datafield ind1=" " ind2=" " tag="044">
      <marc:subfield code="c">XA-DE</marc:subfield>
    </marc:datafield>
    <marc:datafield ind1=" " ind2=" " tag="084">
      <marc:subfield code="a">53</marc:subfield>
      <marc:subfield code="a">430</marc:subfield>
      <marc:subfield code="a">830</marc:subfield>
      <marc:subfield code="q">DE-101</marc:subfield>
      <marc:subfield code="2">sdnb</marc:subfield>
    </marc:datafield>
    <marc:datafield ind1=" " ind2=" " tag="084">
      <marc:subfield code="a">12.2p</marc:subfield>
      <marc:subfield code="a">3.2p</marc:subfield>
      <marc:subfield code="a">12.4p</marc:subfield>
      <marc:subfield code="a">12.2p</marc:subfield>
      <marc:subfield code="a">3.2p</marc:subfield>
      <marc:subfield code="a">12.4p</marc:subfield>
      <marc:subfield code="a">12.2p</marc:subfield>
      <marc:subfield code="a">3.2p</marc:subfield>
      <marc:subfield code="a">12.4p</marc:subfield>
      <marc:subfield code="q">DE-101</marc:subfield>
      <marc:subfield code="2">sswd</marc:subfield>
    </marc:datafield>
    <marc:datafield ind1=" " ind2=" " tag="090">
      <marc:subfield code="a">b</marc:subfield>
    </marc:datafield>
    <marc:datafield ind1="1" ind2=" " tag="100">
      <marc:subfield code="0">(DE-588)12279947X</marc:subfield>
      <marc:subfield code="0">http://d-nb.info/gnd/12279947X</marc:subfield>
      <marc:subfield code="0">(DE-101)12279947X</marc:subfield>
      <marc:subfield code="a">Davidson, Anika</marc:subfield>
      <marc:subfield code="e">Verfasser</marc:subfield>
      <marc:subfield code="4">aut</marc:subfield>
      <marc:subfield code="1p">davidsonanika</marc:subfield>
    </marc:datafield>
    <marc:datafield ind1="0" ind2="0" tag="245">
      <marc:subfield code="a">Advocata aesthetica</marc:subfield>
      <marc:subfield code="b">Studien zum Marienmotiv in der modernen Literatur am Beispiel von Rainer Maria Rilke und Günter Grass</marc:subfield>
      <marc:subfield code="c">Anika Davidson</marc:subfield>
    </marc:datafield>
    <marc:datafield ind1=" " ind2="1" tag="264">
      <marc:subfield code="a">Würzburg</marc:subfield>
      <marc:subfield code="b">Ergon-Verl.</marc:subfield>
      <marc:subfield code="c">2001</marc:subfield>
    </marc:datafield>
    <marc:datafield ind1=" " ind2=" " tag="300">
      <marc:subfield code="a">429 S.</marc:subfield>
      <marc:subfield code="c">23 cm</marc:subfield>
    </marc:datafield>
    <marc:datafield ind1=" " ind2=" " tag="336">
      <marc:subfield code="a">Text</marc:subfield>
      <marc:subfield code="b">txt</marc:subfield>
      <marc:subfield code="2">rdacontent</marc:subfield>
    </marc:datafield>
    <marc:datafield ind1=" " ind2=" " tag="337">
      <marc:subfield code="a">ohne Hilfsmittel zu benutzen</marc:subfield>
      <marc:subfield code="b">n</marc:subfield>
      <marc:subfield code="2">rdamedia</marc:subfield>
    </marc:datafield>
    <marc:datafield ind1=" " ind2=" " tag="338">
      <marc:subfield code="a">Band</marc:subfield>
      <marc:subfield code="b">nc</marc:subfield>
      <marc:subfield code="2">rdacarrier</marc:subfield>
    </marc:datafield>
    <marc:datafield ind1="1" ind2=" " tag="490">
      <marc:subfield code="a">Literatura</marc:subfield>
      <marc:subfield code="v">Bd. 12</marc:subfield>
    </marc:datafield>
    <marc:datafield ind1=" " ind2=" " tag="502">
      <marc:subfield code="a">Zugl.: Erlangen, Nürnberg, Univ., Diss., 2000</marc:subfield>
    </marc:datafield>
    <marc:datafield ind1="1" ind2="7" tag="600">
      <marc:subfield code="0">(DE-588)118601024</marc:subfield>
      <marc:subfield code="0">http://d-nb.info/gnd/118601024</marc:subfield>
      <marc:subfield code="0">(DE-101)118601024</marc:subfield>
      <marc:subfield code="a">Rilke, Rainer Maria</marc:subfield>
      <marc:subfield code="d">1875-1926</marc:subfield>
      <marc:subfield code="2">gnd</marc:subfield>
      <marc:subfield code="1p">rilkerainermaria</marc:subfield>
    </marc:datafield>
    <marc:datafield ind1="0" ind2="7" tag="600">
      <marc:subfield code="0">(DE-588)118640909</marc:subfield>
      <marc:subfield code="0">http://d-nb.info/gnd/118640909</marc:subfield>
      <marc:subfield code="0">(DE-101)118640909</marc:subfield>
      <marc:subfield code="a">Maria</marc:subfield>
      <marc:subfield code="d">ca. 1.Jh.v.Chr.-1.Jh.</marc:subfield>
      <marc:subfield code="2">gnd</marc:subfield>
      <marc:subfield code="1p">maria</marc:subfield>
    </marc:datafield>
    <marc:datafield ind1="1" ind2="7" tag="600">
      <marc:subfield code="0">(DE-588)4269747-5</marc:subfield>
      <marc:subfield code="0">http://d-nb.info/gnd/4269747-5</marc:subfield>
      <marc:subfield code="0">(DE-101)042697476</marc:subfield>
      <marc:subfield code="a">Grass, Günter</marc:subfield>
      <marc:subfield code="d">1927-2015</marc:subfield>
      <marc:subfield code="t">Danziger Trilogie</marc:subfield>
      <marc:subfield code="2">gnd</marc:subfield>
      <marc:subfield code="1p">http://viaf.org/viaf/102319859</marc:subfield>
      <marc:subfield code="1w">http://www.wikidata.org/entity/Q989760</marc:subfield>
    </marc:datafield>
    <marc:datafield ind1="0" ind2="7" tag="600">
      <marc:subfield code="0">(DE-588)118640909</marc:subfield>
      <marc:subfield code="0">http://d-nb.info/gnd/118640909</marc:subfield>
      <marc:subfield code="0">(DE-101)118640909</marc:subfield>
      <marc:subfield code="a">Maria</marc:subfield>
      <marc:subfield code="d">ca. 1.Jh.v.Chr.-1.Jh.</marc:subfield>
      <marc:subfield code="2">gnd</marc:subfield>
      <marc:subfield code="1p">maria</marc:subfield>
    </marc:datafield>
    <marc:datafield ind1="1" ind2="7" tag="600">
      <marc:subfield code="0">(DE-588)4194282-6</marc:subfield>
      <marc:subfield code="0">http://d-nb.info/gnd/4194282-6</marc:subfield>
      <marc:subfield code="0">(DE-101)041942825</marc:subfield>
      <marc:subfield code="a">Grass, Günter</marc:subfield>
      <marc:subfield code="d">1927-2015</marc:subfield>
      <marc:subfield code="t">Der Butt</marc:subfield>
      <marc:subfield code="2">gnd</marc:subfield>
      <marc:subfield code="1p">http://viaf.org/viaf/102319859</marc:subfield>
      <marc:subfield code="1w">http://viaf.org/viaf/213148121</marc:subfield>
    </marc:datafield>
    <marc:datafield ind1="0" ind2="7" tag="600">
      <marc:subfield code="0">(DE-588)118640909</marc:subfield>
      <marc:subfield code="0">http://d-nb.info/gnd/118640909</marc:subfield>
      <marc:subfield code="0">(DE-101)118640909</marc:subfield>
      <marc:subfield code="a">Maria</marc:subfield>
      <marc:subfield code="d">ca. 1.Jh.v.Chr.-1.Jh.</marc:subfield>
      <marc:subfield code="2">gnd</marc:subfield>
      <marc:subfield code="1p">maria</marc:subfield>
    </marc:datafield>
    
    
    
    
    
    
    
    
    
    
    <marc:datafield ind1=" " ind2="0" tag="830">
      <marc:subfield code="a">Literatura</marc:subfield>
      <marc:subfield code="v">Bd. 12</marc:subfield>
      <marc:subfield code="w">(DE-101)019395043</marc:subfield>
      <marc:subfield code="w">(DE-600)1445751-9</marc:subfield>
      <marc:subfield code="9">212</marc:subfield>
      <marc:subfield code="7">as</marc:subfield>
    </marc:datafield>
    <marc:datafield ind1=" " ind2=" " tag="850">
      <marc:subfield code="a">DE-101a</marc:subfield>
      <marc:subfield code="a">DE-101b</marc:subfield>
    </marc:datafield>
  </marc:record>