
  <marc:record type="Bibliographic" source="1999-DNB-Germany-Gunter-Grass.xml">
    <marc:leader>00000nam a2200000 c 4500</marc:leader>
    <marc:controlfield tag="001">920855873</marc:controlfield>
    <marc:controlfield tag="003">DE-101</marc:controlfield>
    <marc:controlfield tag="005">20171202171646.0</marc:controlfield>
    <marc:controlfield tag="007">tu</marc:controlfield>
    <marc:controlfield tag="008">920818s1990    xxk||||| |||| 00||||eng  </marc:controlfield>
    <marc:datafield ind1=" " ind2=" " tag="015">
      <marc:subfield code="a">92,G03,0232</marc:subfield>
      <marc:subfield code="2">dnb</marc:subfield>
    </marc:datafield>
    <marc:datafield ind1="7" ind2=" " tag="016">
      <marc:subfield code="2">DE-101</marc:subfield>
      <marc:subfield code="a">920855873</marc:subfield>
    </marc:datafield>
    <marc:datafield ind1=" " ind2=" " tag="020">
      <marc:subfield code="a">0198158602</marc:subfield>
      <marc:subfield code="c">Gewebe : £ 30.00</marc:subfield>
      <marc:subfield code="9">0-19-815860-2</marc:subfield>
    </marc:datafield>
    <marc:datafield ind1=" " ind2=" " tag="035">
      <marc:subfield code="a">(DE-599)DNB920855873</marc:subfield>
    </marc:datafield>
    <marc:datafield ind1=" " ind2=" " tag="035">
      <marc:subfield code="a">(OCoLC)260211074</marc:subfield>
    </marc:datafield>
    <marc:datafield ind1=" " ind2=" " tag="040">
      <marc:subfield code="a">1100</marc:subfield>
      <marc:subfield code="b">ger</marc:subfield>
      <marc:subfield code="c">DE-101</marc:subfield>
      <marc:subfield code="d">9999</marc:subfield>
    </marc:datafield>
    <marc:datafield ind1=" " ind2=" " tag="041">
      <marc:subfield code="a">eng</marc:subfield>
    </marc:datafield>
    <marc:datafield ind1=" " ind2=" " tag="043">
      <marc:subfield code="c">XA-DE</marc:subfield>
    </marc:datafield>
    <marc:datafield ind1=" " ind2=" " tag="044">
      <marc:subfield code="c">XA-GB</marc:subfield>
    </marc:datafield>
    <marc:datafield ind1=" " ind2=" " tag="084">
      <marc:subfield code="a">53</marc:subfield>
      <marc:subfield code="a">430</marc:subfield>
      <marc:subfield code="a">830</marc:subfield>
      <marc:subfield code="q">DE-101</marc:subfield>
      <marc:subfield code="2">sdnb</marc:subfield>
    </marc:datafield>
    <marc:datafield ind1=" " ind2=" " tag="084">
      <marc:subfield code="a">12.2p</marc:subfield>
      <marc:subfield code="a">12.4</marc:subfield>
      <marc:subfield code="q">DE-101</marc:subfield>
      <marc:subfield code="2">sswd</marc:subfield>
    </marc:datafield>
    <marc:datafield ind1="0" ind2="0" tag="245">
      <marc:subfield code="a">Günter Grass's Der Butt</marc:subfield>
      <marc:subfield code="b">sexual politics and the male myth of history</marc:subfield>
      <marc:subfield code="c">ed. by Philip Brady ...</marc:subfield>
    </marc:datafield>
    <marc:datafield ind1=" " ind2="1" tag="264">
      <marc:subfield code="a">Oxford</marc:subfield>
      <marc:subfield code="b">Clarendon Press</marc:subfield>
      <marc:subfield code="c">1990</marc:subfield>
    </marc:datafield>
    <marc:datafield ind1=" " ind2=" " tag="300">
      <marc:subfield code="a">235 S.</marc:subfield>
      <marc:subfield code="c">22 cm</marc:subfield>
    </marc:datafield>
    <marc:datafield ind1=" " ind2=" " tag="336">
      <marc:subfield code="a">Text</marc:subfield>
      <marc:subfield code="b">txt</marc:subfield>
      <marc:subfield code="2">rdacontent</marc:subfield>
    </marc:datafield>
    <marc:datafield ind1=" " ind2=" " tag="337">
      <marc:subfield code="a">ohne Hilfsmittel zu benutzen</marc:subfield>
      <marc:subfield code="b">n</marc:subfield>
      <marc:subfield code="2">rdamedia</marc:subfield>
    </marc:datafield>
    <marc:datafield ind1=" " ind2=" " tag="338">
      <marc:subfield code="a">Band</marc:subfield>
      <marc:subfield code="b">nc</marc:subfield>
      <marc:subfield code="2">rdacarrier</marc:subfield>
    </marc:datafield>
    <marc:datafield ind1=" " ind2=" " tag="500">
      <marc:subfield code="a">Bibliogr. und Literaturverz. S. 227 - 229</marc:subfield>
    </marc:datafield>
    <marc:datafield ind1="1" ind2="7" tag="600">
      <marc:subfield code="0">(DE-588)4194282-6</marc:subfield>
      <marc:subfield code="0">http://d-nb.info/gnd/4194282-6</marc:subfield>
      <marc:subfield code="0">(DE-101)041942825</marc:subfield>
      <marc:subfield code="a">Grass, Günter</marc:subfield>
      <marc:subfield code="d">1927-2015</marc:subfield>
      <marc:subfield code="t">Der Butt</marc:subfield>
      <marc:subfield code="2">gnd</marc:subfield>
      <marc:subfield code="1p">http://viaf.org/viaf/102319859</marc:subfield>
      <marc:subfield code="1w">http://viaf.org/viaf/213148121</marc:subfield>
    </marc:datafield>
    
    
    
    
    <marc:datafield ind1="1" ind2=" " tag="700">
      <marc:subfield code="0">(DE-588)113031025</marc:subfield>
      <marc:subfield code="0">http://d-nb.info/gnd/113031025</marc:subfield>
      <marc:subfield code="0">(DE-101)113031025</marc:subfield>
      <marc:subfield code="a">Brady, Philip</marc:subfield>
      <marc:subfield code="e">Herausgeber</marc:subfield>
      <marc:subfield code="4">edt</marc:subfield>
      <marc:subfield code="1p">bradyphilip</marc:subfield>
    </marc:datafield>
    <marc:datafield ind1=" " ind2=" " tag="850">
      <marc:subfield code="a">DE-101a</marc:subfield>
    </marc:datafield>
    <marc:datafield ind1="4" ind2="2" tag="856">
      <marc:subfield code="m">V:DE-605</marc:subfield>
      <marc:subfield code="q">application/pdf</marc:subfield>
      <marc:subfield code="u">http://d-nb.info/920855873/04</marc:subfield>
      <marc:subfield code="3">Inhaltsverzeichnis</marc:subfield>
    </marc:datafield>
  </marc:record>