
  <marc:record type="Bibliographic" source="1999-DNB-Germany-Gunter-Grass.xml">
    <marc:leader>00000nam a2200000 c 4500</marc:leader>
    <marc:controlfield tag="001">720001234</marc:controlfield>
    <marc:controlfield tag="003">DE-101</marc:controlfield>
    <marc:controlfield tag="005">20171201223503.0</marc:controlfield>
    <marc:controlfield tag="007">tu</marc:controlfield>
    <marc:controlfield tag="008">720102s1971    gw ||||| |||| 00||||ger  </marc:controlfield>
    <marc:datafield ind1=" " ind2=" " tag="015">
      <marc:subfield code="a">72,A01,0122</marc:subfield>
      <marc:subfield code="2">dnb</marc:subfield>
    </marc:datafield>
    <marc:datafield ind1="7" ind2=" " tag="016">
      <marc:subfield code="2">DE-101</marc:subfield>
      <marc:subfield code="a">720001234</marc:subfield>
    </marc:datafield>
    <marc:datafield ind1=" " ind2=" " tag="020">
      <marc:subfield code="c">Lw. : DM 24.80</marc:subfield>
    </marc:datafield>
    <marc:datafield ind1=" " ind2=" " tag="035">
      <marc:subfield code="a">(DE-599)DNB720001234</marc:subfield>
    </marc:datafield>
    <marc:datafield ind1=" " ind2=" " tag="035">
      <marc:subfield code="a">(OCoLC)611238102</marc:subfield>
    </marc:datafield>
    <marc:datafield ind1=" " ind2=" " tag="040">
      <marc:subfield code="a">1200</marc:subfield>
      <marc:subfield code="b">ger</marc:subfield>
      <marc:subfield code="c">DE-101</marc:subfield>
      <marc:subfield code="d">9999</marc:subfield>
    </marc:datafield>
    <marc:datafield ind1=" " ind2=" " tag="041">
      <marc:subfield code="a">ger</marc:subfield>
    </marc:datafield>
    <marc:datafield ind1=" " ind2=" " tag="043">
      <marc:subfield code="c">XA-PL</marc:subfield>
      <marc:subfield code="c">XA-PL</marc:subfield>
    </marc:datafield>
    <marc:datafield ind1=" " ind2=" " tag="044">
      <marc:subfield code="c">XA-DE</marc:subfield>
    </marc:datafield>
    <marc:datafield ind1=" " ind2=" " tag="084">
      <marc:subfield code="a">59</marc:subfield>
      <marc:subfield code="a">810</marc:subfield>
      <marc:subfield code="a">820</marc:subfield>
      <marc:subfield code="a">830</marc:subfield>
      <marc:subfield code="a">839</marc:subfield>
      <marc:subfield code="a">840</marc:subfield>
      <marc:subfield code="a">850</marc:subfield>
      <marc:subfield code="a">860</marc:subfield>
      <marc:subfield code="a">870</marc:subfield>
      <marc:subfield code="a">880</marc:subfield>
      <marc:subfield code="a">890</marc:subfield>
      <marc:subfield code="a">B</marc:subfield>
      <marc:subfield code="q">DE-101</marc:subfield>
      <marc:subfield code="2">sdnb</marc:subfield>
    </marc:datafield>
    <marc:datafield ind1=" " ind2=" " tag="084">
      <marc:subfield code="a">16.5</marc:subfield>
      <marc:subfield code="a">9.1c</marc:subfield>
      <marc:subfield code="q">DE-101</marc:subfield>
      <marc:subfield code="2">sswd</marc:subfield>
    </marc:datafield>
    <marc:datafield ind1="1" ind2=" " tag="100">
      <marc:subfield code="0">(DE-588)118541579</marc:subfield>
      <marc:subfield code="0">http://d-nb.info/gnd/118541579</marc:subfield>
      <marc:subfield code="0">(DE-101)118541579</marc:subfield>
      <marc:subfield code="a">Grass, Günter</marc:subfield>
      <marc:subfield code="d">1927-2015</marc:subfield>
      <marc:subfield code="e">Verfasser</marc:subfield>
      <marc:subfield code="4">aut</marc:subfield>
      <marc:subfield code="1p">http://viaf.org/viaf/102319859</marc:subfield>
    </marc:datafield>
    <marc:datafield tag="240" ind1="1" ind2="0">
      <marc:subfield code="a">Die Blechtrommel</marc:subfield>
      <marc:subfield code="1w">http://www.wikidata.org/entity/Q899334</marc:subfield>
      <marc:subfield code="2">generated from 245</marc:subfield>
    </marc:datafield>
    <marc:datafield ind1="0" ind2="0" tag="245">
      <marc:subfield code="a">Die Blechtrommel</marc:subfield>
      <marc:subfield code="b">Roman.</marc:subfield>
      <marc:subfield code="c">[Von] Günter Grass</marc:subfield>
    </marc:datafield>
    <marc:datafield ind1=" " ind2=" " tag="250">
      <marc:subfield code="a">14. Aufl.</marc:subfield>
    </marc:datafield>
    <marc:datafield ind1=" " ind2=" " tag="259">
      <marc:subfield code="a">214</marc:subfield>
    </marc:datafield>
    <marc:datafield ind1=" " ind2="1" tag="264">
      <marc:subfield code="a">Neuwied, Berlin</marc:subfield>
      <marc:subfield code="b">Luchterhand</marc:subfield>
      <marc:subfield code="c">1971</marc:subfield>
    </marc:datafield>
    <marc:datafield ind1=" " ind2=" " tag="300">
      <marc:subfield code="a">714 S.;</marc:subfield>
      <marc:subfield code="c">21 cm.</marc:subfield>
    </marc:datafield>
    <marc:datafield ind1=" " ind2=" " tag="336">
      <marc:subfield code="a">Text</marc:subfield>
      <marc:subfield code="b">txt</marc:subfield>
      <marc:subfield code="2">rdacontent</marc:subfield>
    </marc:datafield>
    <marc:datafield ind1=" " ind2=" " tag="337">
      <marc:subfield code="a">ohne Hilfsmittel zu benutzen</marc:subfield>
      <marc:subfield code="b">n</marc:subfield>
      <marc:subfield code="2">rdamedia</marc:subfield>
    </marc:datafield>
    <marc:datafield ind1=" " ind2=" " tag="338">
      <marc:subfield code="a">Band</marc:subfield>
      <marc:subfield code="b">nc</marc:subfield>
      <marc:subfield code="2">rdacarrier</marc:subfield>
    </marc:datafield>
    
    
    
    
    
    
    
    
    
    
    
    
    
    
    
    
    
    <marc:datafield ind1=" " ind2=" " tag="850">
      <marc:subfield code="a">DE-101b</marc:subfield>
    </marc:datafield>
  </marc:record>