
  <marc:record type="Bibliographic" source="1999-DNB-Germany-Gunter-Grass.xml">
    <marc:leader>00000pam a2200000 c 4500</marc:leader>
    <marc:controlfield tag="001">977667723</marc:controlfield>
    <marc:controlfield tag="003">DE-101</marc:controlfield>
    <marc:controlfield tag="005">20171201223429.0</marc:controlfield>
    <marc:controlfield tag="007">tu</marc:controlfield>
    <marc:controlfield tag="008">051208s2006    gw ||||| |||| 00||||ger  </marc:controlfield>
    <marc:datafield ind1=" " ind2=" " tag="015">
      <marc:subfield code="a">06,A35,1785</marc:subfield>
      <marc:subfield code="z">06,N03,2006</marc:subfield>
      <marc:subfield code="2">dnb</marc:subfield>
    </marc:datafield>
    <marc:datafield ind1="7" ind2=" " tag="016">
      <marc:subfield code="2">DE-101</marc:subfield>
      <marc:subfield code="a">977667723</marc:subfield>
    </marc:datafield>
    <marc:datafield ind1=" " ind2=" " tag="020">
      <marc:subfield code="a">9783423622769</marc:subfield>
      <marc:subfield code="c">kart. : EUR 8.50 (DE), EUR 8.80 (AT), sfr 15.20</marc:subfield>
      <marc:subfield code="9">978-3-423-62276-9</marc:subfield>
    </marc:datafield>
    <marc:datafield ind1=" " ind2=" " tag="020">
      <marc:subfield code="a">3423622768</marc:subfield>
      <marc:subfield code="c">kart. : EUR 8.50 (DE), EUR 8.80 (AT), sfr 15.20</marc:subfield>
      <marc:subfield code="9">3-423-62276-8</marc:subfield>
    </marc:datafield>
    <marc:datafield ind1="3" ind2=" " tag="024">
      <marc:subfield code="a">9783423622769</marc:subfield>
    </marc:datafield>
    <marc:datafield ind1=" " ind2=" " tag="035">
      <marc:subfield code="a">(DE-599)DNB977667723</marc:subfield>
    </marc:datafield>
    <marc:datafield ind1=" " ind2=" " tag="035">
      <marc:subfield code="a">(OCoLC)166029747</marc:subfield>
    </marc:datafield>
    <marc:datafield ind1=" " ind2=" " tag="040">
      <marc:subfield code="a">1245</marc:subfield>
      <marc:subfield code="b">ger</marc:subfield>
      <marc:subfield code="c">DE-101</marc:subfield>
      <marc:subfield code="d">9999</marc:subfield>
    </marc:datafield>
    <marc:datafield ind1=" " ind2=" " tag="041">
      <marc:subfield code="a">ger</marc:subfield>
    </marc:datafield>
    <marc:datafield ind1=" " ind2=" " tag="044">
      <marc:subfield code="c">XA-DE-BY</marc:subfield>
    </marc:datafield>
    <marc:datafield ind1="7" ind2="4" tag="082">
      <marc:subfield code="a">K</marc:subfield>
      <marc:subfield code="q">DE-101</marc:subfield>
      <marc:subfield code="2">22sdnb</marc:subfield>
    </marc:datafield>
    <marc:datafield ind1=" " ind2=" " tag="090">
      <marc:subfield code="a">b</marc:subfield>
    </marc:datafield>
    <marc:datafield ind1="1" ind2=" " tag="100">
      <marc:subfield code="0">(DE-588)118541579</marc:subfield>
      <marc:subfield code="0">http://d-nb.info/gnd/118541579</marc:subfield>
      <marc:subfield code="0">(DE-101)118541579</marc:subfield>
      <marc:subfield code="a">Grass, Günter</marc:subfield>
      <marc:subfield code="d">1927-2015</marc:subfield>
      <marc:subfield code="e">Verfasser</marc:subfield>
      <marc:subfield code="4">aut</marc:subfield>
      <marc:subfield code="1p">http://viaf.org/viaf/102319859</marc:subfield>
    </marc:datafield>
    <marc:datafield tag="240" ind1="1" ind2="0">
      <marc:subfield code="a">Katz und Maus</marc:subfield>
      <marc:subfield code="1w">http://www.wikidata.org/entity/Q1736859</marc:subfield>
      <marc:subfield code="2">generated from 245</marc:subfield>
    </marc:datafield>
    <marc:datafield ind1="0" ind2="0" tag="245">
      <marc:subfield code="a">Katz und Maus</marc:subfield>
      <marc:subfield code="b">eine Novelle</marc:subfield>
      <marc:subfield code="c">Günter Grass. Mit Bildern von Jacky Gleich und einem Nachw. von Volker Neuhaus</marc:subfield>
    </marc:datafield>
    <marc:datafield ind1=" " ind2=" " tag="250">
      <marc:subfield code="a">Ungekürzte Ausg.</marc:subfield>
    </marc:datafield>
    <marc:datafield ind1=" " ind2=" " tag="259">
      <marc:subfield code="a">una</marc:subfield>
    </marc:datafield>
    <marc:datafield ind1=" " ind2="1" tag="264">
      <marc:subfield code="a">München</marc:subfield>
      <marc:subfield code="b">Dt. Taschenbuch-Verl.</marc:subfield>
      <marc:subfield code="c">2006</marc:subfield>
    </marc:datafield>
    <marc:datafield ind1=" " ind2=" " tag="300">
      <marc:subfield code="a">183 S.</marc:subfield>
      <marc:subfield code="b">Ill.</marc:subfield>
      <marc:subfield code="c">20 cm</marc:subfield>
    </marc:datafield>
    <marc:datafield ind1=" " ind2=" " tag="336">
      <marc:subfield code="a">Text</marc:subfield>
      <marc:subfield code="b">txt</marc:subfield>
      <marc:subfield code="2">rdacontent</marc:subfield>
    </marc:datafield>
    <marc:datafield ind1=" " ind2=" " tag="337">
      <marc:subfield code="a">ohne Hilfsmittel zu benutzen</marc:subfield>
      <marc:subfield code="b">n</marc:subfield>
      <marc:subfield code="2">rdamedia</marc:subfield>
    </marc:datafield>
    <marc:datafield ind1=" " ind2=" " tag="338">
      <marc:subfield code="a">Band</marc:subfield>
      <marc:subfield code="b">nc</marc:subfield>
      <marc:subfield code="2">rdacarrier</marc:subfield>
    </marc:datafield>
    <marc:datafield ind1=" " ind2=" " tag="385">
      <marc:subfield code="0">(DE-588)4028859-6</marc:subfield>
      <marc:subfield code="0">http://d-nb.info/gnd/4028859-6</marc:subfield>
      <marc:subfield code="0">(DE-101)040288595</marc:subfield>
      <marc:subfield code="a">Jugend</marc:subfield>
      <marc:subfield code="2">gnd</marc:subfield>
    </marc:datafield>
    <marc:datafield ind1="1" ind2=" " tag="490">
      <marc:subfield code="a">dtv</marc:subfield>
      <marc:subfield code="v">62276 : Reihe Hanser</marc:subfield>
    </marc:datafield>
    <marc:datafield ind1=" " ind2=" " tag="500">
      <marc:subfield code="a">Früher als: dtv ; 62049</marc:subfield>
    </marc:datafield>
    
    
    
    <marc:datafield ind1=" " ind2=" " tag="653">
      <marc:subfield code="a">(VLB-PF)BC: Paperback</marc:subfield>
    </marc:datafield>
    <marc:datafield ind1=" " ind2=" " tag="653">
      <marc:subfield code="a">(VLB-WI)2: Taschenbuch</marc:subfield>
    </marc:datafield>
    <marc:datafield ind1=" " ind2=" " tag="653">
      <marc:subfield code="a">(VLB-WG)250: Kinderbuch, Jugendbuch / Romane, Erzählungen</marc:subfield>
    </marc:datafield>
    
    
    
    
    
    
    
    <marc:datafield ind1=" " ind2="0" tag="830">
      <marc:subfield code="a">dtv</marc:subfield>
      <marc:subfield code="v">62276 : Reihe Hanser</marc:subfield>
      <marc:subfield code="w">(DE-101)015250849</marc:subfield>
      <marc:subfield code="w">(DE-600)986583-4</marc:subfield>
      <marc:subfield code="9">562276</marc:subfield>
      <marc:subfield code="7">as</marc:subfield>
    </marc:datafield>
    <marc:datafield ind1=" " ind2=" " tag="850">
      <marc:subfield code="a">DE-101a</marc:subfield>
      <marc:subfield code="a">DE-101b</marc:subfield>
    </marc:datafield>
  </marc:record>