
  <marc:record type="Bibliographic" source="1999-DNB-Germany-Gunter-Grass.xml">
    <marc:leader>00000pam a2200000 c 4500</marc:leader>
    <marc:controlfield tag="001">989012425</marc:controlfield>
    <marc:controlfield tag="003">DE-101</marc:controlfield>
    <marc:controlfield tag="005">20171202072300.0</marc:controlfield>
    <marc:controlfield tag="007">tu</marc:controlfield>
    <marc:controlfield tag="008">080603s2008    gw ||||| |||| 00||||ger  </marc:controlfield>
    <marc:datafield ind1=" " ind2=" " tag="015">
      <marc:subfield code="a">08,A37,1844</marc:subfield>
      <marc:subfield code="z">08,N25,1027</marc:subfield>
      <marc:subfield code="2">dnb</marc:subfield>
    </marc:datafield>
    <marc:datafield ind1="7" ind2=" " tag="016">
      <marc:subfield code="2">DE-101</marc:subfield>
      <marc:subfield code="a">989012425</marc:subfield>
    </marc:datafield>
    <marc:datafield ind1=" " ind2=" " tag="020">
      <marc:subfield code="a">9783631581773</marc:subfield>
      <marc:subfield code="c">kart. : EUR 56.50</marc:subfield>
      <marc:subfield code="9">978-3-631-58177-3</marc:subfield>
    </marc:datafield>
    <marc:datafield ind1="3" ind2=" " tag="024">
      <marc:subfield code="a">9783631581773</marc:subfield>
    </marc:datafield>
    <marc:datafield ind1=" " ind2=" " tag="035">
      <marc:subfield code="a">(DE-599)DNB989012425</marc:subfield>
    </marc:datafield>
    <marc:datafield ind1=" " ind2=" " tag="035">
      <marc:subfield code="a">(OCoLC)246646008</marc:subfield>
    </marc:datafield>
    <marc:datafield ind1=" " ind2=" " tag="040">
      <marc:subfield code="a">1245</marc:subfield>
      <marc:subfield code="b">ger</marc:subfield>
      <marc:subfield code="c">DE-101</marc:subfield>
      <marc:subfield code="d">9999</marc:subfield>
    </marc:datafield>
    <marc:datafield ind1=" " ind2=" " tag="041">
      <marc:subfield code="a">ger</marc:subfield>
    </marc:datafield>
    <marc:datafield ind1=" " ind2=" " tag="044">
      <marc:subfield code="c">XA-DE-HE</marc:subfield>
      <marc:subfield code="c">XA-CH</marc:subfield>
      <marc:subfield code="c">XA-AT</marc:subfield>
    </marc:datafield>
    <marc:datafield ind1="0" ind2="4" tag="082">
      <marc:subfield code="8">1\u</marc:subfield>
      <marc:subfield code="a">833.914</marc:subfield>
      <marc:subfield code="q">DE-101</marc:subfield>
      <marc:subfield code="2">22/ger</marc:subfield>
    </marc:datafield>
    <marc:datafield ind1="0" ind2=" " tag="083">
      <marc:subfield code="8">2\u</marc:subfield>
      <marc:subfield code="a">435</marc:subfield>
      <marc:subfield code="q">DE-101</marc:subfield>
      <marc:subfield code="2">22/ger</marc:subfield>
    </marc:datafield>
    <marc:datafield ind1="7" ind2=" " tag="083">
      <marc:subfield code="a">830</marc:subfield>
      <marc:subfield code="a">430</marc:subfield>
      <marc:subfield code="q">DE-101</marc:subfield>
      <marc:subfield code="2">22sdnb</marc:subfield>
    </marc:datafield>
    <marc:datafield ind1=" " ind2=" " tag="085">
      <marc:subfield code="8">1\u</marc:subfield>
      <marc:subfield code="b">833</marc:subfield>
    </marc:datafield>
    <marc:datafield ind1=" " ind2=" " tag="085">
      <marc:subfield code="8">2\u</marc:subfield>
      <marc:subfield code="b">435</marc:subfield>
    </marc:datafield>
    <marc:datafield ind1=" " ind2=" " tag="090">
      <marc:subfield code="a">b</marc:subfield>
    </marc:datafield>
    <marc:datafield ind1="1" ind2=" " tag="100">
      <marc:subfield code="0">(DE-588)135837243</marc:subfield>
      <marc:subfield code="0">http://d-nb.info/gnd/135837243</marc:subfield>
      <marc:subfield code="0">(DE-101)135837243</marc:subfield>
      <marc:subfield code="a">Radojewska, Marta</marc:subfield>
      <marc:subfield code="d">1979-</marc:subfield>
      <marc:subfield code="e">Verfasser</marc:subfield>
      <marc:subfield code="4">aut</marc:subfield>
      <marc:subfield code="1p">radojewskamarta</marc:subfield>
    </marc:datafield>
    <marc:datafield ind1="0" ind2="0" tag="245">
      <marc:subfield code="a">Die Wortfolge in der Erzählung "Unkenrufe" von Günter Grass</marc:subfield>
      <marc:subfield code="c">Marta Radojewska</marc:subfield>
    </marc:datafield>
    <marc:datafield ind1=" " ind2="1" tag="264">
      <marc:subfield code="a">Frankfurt, M.</marc:subfield>
      <marc:subfield code="a">Berlin</marc:subfield>
      <marc:subfield code="a">Bern</marc:subfield>
      <marc:subfield code="a">Bruxelles</marc:subfield>
      <marc:subfield code="a">New York, NY</marc:subfield>
      <marc:subfield code="a">Oxford</marc:subfield>
      <marc:subfield code="a">Wien</marc:subfield>
      <marc:subfield code="b">Lang</marc:subfield>
      <marc:subfield code="c">2008</marc:subfield>
    </marc:datafield>
    <marc:datafield ind1=" " ind2=" " tag="300">
      <marc:subfield code="a">332 S.</marc:subfield>
      <marc:subfield code="c">21 cm</marc:subfield>
    </marc:datafield>
    <marc:datafield ind1=" " ind2=" " tag="336">
      <marc:subfield code="a">Text</marc:subfield>
      <marc:subfield code="b">txt</marc:subfield>
      <marc:subfield code="2">rdacontent</marc:subfield>
    </marc:datafield>
    <marc:datafield ind1=" " ind2=" " tag="337">
      <marc:subfield code="a">ohne Hilfsmittel zu benutzen</marc:subfield>
      <marc:subfield code="b">n</marc:subfield>
      <marc:subfield code="2">rdamedia</marc:subfield>
    </marc:datafield>
    <marc:datafield ind1=" " ind2=" " tag="338">
      <marc:subfield code="a">Band</marc:subfield>
      <marc:subfield code="b">nc</marc:subfield>
      <marc:subfield code="2">rdacarrier</marc:subfield>
    </marc:datafield>
    <marc:datafield ind1="1" ind2=" " tag="490">
      <marc:subfield code="a">Posener Beiträge zur Germanistik</marc:subfield>
      <marc:subfield code="v">Bd. 20</marc:subfield>
    </marc:datafield>
    <marc:datafield ind1=" " ind2=" " tag="502">
      <marc:subfield code="a">Zugl.: Poznañ, Uniw. Imienia Adama Mickiewicza, Diss., 2007</marc:subfield>
    </marc:datafield>
    <marc:datafield ind1="1" ind2="7" tag="600">
      <marc:subfield code="0">(DE-588)4697318-7</marc:subfield>
      <marc:subfield code="0">http://d-nb.info/gnd/4697318-7</marc:subfield>
      <marc:subfield code="0">(DE-101)965052370</marc:subfield>
      <marc:subfield code="a">Grass, Günter</marc:subfield>
      <marc:subfield code="d">1927-2015</marc:subfield>
      <marc:subfield code="t">Unkenrufe</marc:subfield>
      <marc:subfield code="2">gnd</marc:subfield>
      <marc:subfield code="1p">http://viaf.org/viaf/102319859</marc:subfield>
      <marc:subfield code="1w">http://viaf.org/viaf/198560112</marc:subfield>
    </marc:datafield>
    
    
    <marc:datafield ind1=" " ind2=" " tag="653">
      <marc:subfield code="a">(VLB-FS)Äußerung</marc:subfield>
    </marc:datafield>
    <marc:datafield ind1=" " ind2=" " tag="653">
      <marc:subfield code="a">(VLB-FS)Wortklasse</marc:subfield>
    </marc:datafield>
    <marc:datafield ind1=" " ind2=" " tag="653">
      <marc:subfield code="a">(VLB-FS)Wortform</marc:subfield>
    </marc:datafield>
    <marc:datafield ind1=" " ind2=" " tag="653">
      <marc:subfield code="a">(VLB-FS)Satzdefinition</marc:subfield>
    </marc:datafield>
    <marc:datafield ind1=" " ind2=" " tag="653">
      <marc:subfield code="a">(VLB-FS)Satzglieddefinition</marc:subfield>
    </marc:datafield>
    <marc:datafield ind1=" " ind2=" " tag="653">
      <marc:subfield code="a">(VLB-PF)BC: Paperback</marc:subfield>
    </marc:datafield>
    <marc:datafield ind1=" " ind2=" " tag="653">
      <marc:subfield code="a">(VLB-WN)1563: HC/Deutsche Sprachwissenschaft, Deutschsprachige Literaturwissenschaft</marc:subfield>
    </marc:datafield>
    
    
    
    
    <marc:datafield ind1=" " ind2="0" tag="830">
      <marc:subfield code="a">Posener Beiträge zur Germanistik</marc:subfield>
      <marc:subfield code="v">Bd. 20</marc:subfield>
      <marc:subfield code="w">(DE-101)977048691</marc:subfield>
      <marc:subfield code="w">(DE-600)2209691-7</marc:subfield>
      <marc:subfield code="9">220</marc:subfield>
      <marc:subfield code="7">as</marc:subfield>
    </marc:datafield>
    <marc:datafield ind1=" " ind2=" " tag="850">
      <marc:subfield code="a">DE-101a</marc:subfield>
      <marc:subfield code="a">DE-101b</marc:subfield>
    </marc:datafield>
    <marc:datafield ind1="4" ind2="2" tag="856">
      <marc:subfield code="m">B:DE-101</marc:subfield>
      <marc:subfield code="q">application/pdf</marc:subfield>
      <marc:subfield code="u">http://d-nb.info/989012425/04</marc:subfield>
      <marc:subfield code="3">Inhaltsverzeichnis</marc:subfield>
    </marc:datafield>
  </marc:record>