
  <marc:record type="Bibliographic" source="1999-DNB-Germany-Gunter-Grass.xml">
    <marc:leader>00000nam a2200000uc 4500</marc:leader>
    <marc:controlfield tag="001">1116195658</marc:controlfield>
    <marc:controlfield tag="003">DE-101</marc:controlfield>
    <marc:controlfield tag="005">20171203053427.0</marc:controlfield>
    <marc:controlfield tag="007">cr||||||||||||</marc:controlfield>
    <marc:controlfield tag="008">161016s2016    gw |||||o|||| 00||||ger  </marc:controlfield>
    <marc:datafield ind1=" " ind2=" " tag="015">
      <marc:subfield code="a">16,O11</marc:subfield>
      <marc:subfield code="2">dnb</marc:subfield>
    </marc:datafield>
    <marc:datafield ind1="7" ind2=" " tag="016">
      <marc:subfield code="2">DE-101</marc:subfield>
      <marc:subfield code="a">1116195658</marc:subfield>
    </marc:datafield>
    <marc:datafield ind1=" " ind2=" " tag="020">
      <marc:subfield code="a">9783958292239</marc:subfield>
      <marc:subfield code="9">978-3-95829-223-9</marc:subfield>
    </marc:datafield>
    <marc:datafield ind1=" " ind2=" " tag="020">
      <marc:subfield code="a">3958292232</marc:subfield>
      <marc:subfield code="9">3-95829-223-2</marc:subfield>
    </marc:datafield>
    <marc:datafield ind1="3" ind2=" " tag="024">
      <marc:subfield code="a">9783958292239</marc:subfield>
    </marc:datafield>
    <marc:datafield ind1="7" ind2=" " tag="024">
      <marc:subfield code="2">urn</marc:subfield>
      <marc:subfield code="a">urn:nbn:de:101:1-2016101653</marc:subfield>
    </marc:datafield>
    <marc:datafield ind1=" " ind2=" " tag="035">
      <marc:subfield code="a">(DE-599)DNB1116195658</marc:subfield>
    </marc:datafield>
    <marc:datafield ind1=" " ind2=" " tag="035">
      <marc:subfield code="a">(OCoLC)962095241</marc:subfield>
    </marc:datafield>
    <marc:datafield ind1=" " ind2=" " tag="040">
      <marc:subfield code="a">1240</marc:subfield>
      <marc:subfield code="b">ger</marc:subfield>
      <marc:subfield code="c">DE-101</marc:subfield>
      <marc:subfield code="d">9999</marc:subfield>
    </marc:datafield>
    <marc:datafield ind1=" " ind2=" " tag="041">
      <marc:subfield code="a">ger</marc:subfield>
    </marc:datafield>
    <marc:datafield ind1=" " ind2=" " tag="044">
      <marc:subfield code="c">XA-DE-NI</marc:subfield>
    </marc:datafield>
    <marc:datafield ind1="0" ind2="4" tag="082">
      <marc:subfield code="8">1\u</marc:subfield>
      <marc:subfield code="a">838.91403</marc:subfield>
      <marc:subfield code="q">DE-101</marc:subfield>
      <marc:subfield code="2">22/ger</marc:subfield>
    </marc:datafield>
    <marc:datafield ind1="7" ind2=" " tag="083">
      <marc:subfield code="8">2\p</marc:subfield>
      <marc:subfield code="a">830</marc:subfield>
      <marc:subfield code="a">740</marc:subfield>
      <marc:subfield code="q">DE-101</marc:subfield>
      <marc:subfield code="2">23sdnb</marc:subfield>
    </marc:datafield>
    <marc:datafield ind1=" " ind2=" " tag="085">
      <marc:subfield code="8">1\u</marc:subfield>
      <marc:subfield code="b">838</marc:subfield>
    </marc:datafield>
    <marc:datafield ind1="1" ind2=" " tag="100">
      <marc:subfield code="0">(DE-588)115645071</marc:subfield>
      <marc:subfield code="0">http://d-nb.info/gnd/115645071</marc:subfield>
      <marc:subfield code="0">(DE-101)115645071</marc:subfield>
      <marc:subfield code="a">Grass, Günter</marc:subfield>
      <marc:subfield code="e">Verfasser</marc:subfield>
      <marc:subfield code="4">aut</marc:subfield>
      <marc:subfield code="1p">http://viaf.org/viaf/102319859</marc:subfield>
    </marc:datafield>
    <marc:datafield tag="240" ind1="1" ind2="0">
      <marc:subfield code="a">Die Box</marc:subfield>
      <marc:subfield code="1w">http://www.wikidata.org/entity/Q7719566</marc:subfield>
      <marc:subfield code="2">generated from 245</marc:subfield>
    </marc:datafield>
    <marc:datafield ind1="0" ind2="0" tag="245">
      <marc:subfield code="a">Die Box</marc:subfield>
      <marc:subfield code="b">Dunkelkammergeschichten</marc:subfield>
      <marc:subfield code="c">Günter Grass</marc:subfield>
    </marc:datafield>
    <marc:datafield ind1=" " ind2=" " tag="250">
      <marc:subfield code="a">1., Aufl.</marc:subfield>
    </marc:datafield>
    <marc:datafield ind1=" " ind2=" " tag="259">
      <marc:subfield code="a">11</marc:subfield>
    </marc:datafield>
    <marc:datafield ind1=" " ind2="1" tag="264">
      <marc:subfield code="a">Göttingen</marc:subfield>
      <marc:subfield code="b">Steidl</marc:subfield>
      <marc:subfield code="c">2016</marc:subfield>
    </marc:datafield>
    <marc:datafield ind1=" " ind2=" " tag="300">
      <marc:subfield code="a">Online-Ressource</marc:subfield>
      <marc:subfield code="b">mit Zeichn.</marc:subfield>
    </marc:datafield>
    <marc:datafield ind1=" " ind2=" " tag="336">
      <marc:subfield code="a">Text</marc:subfield>
      <marc:subfield code="b">txt</marc:subfield>
      <marc:subfield code="2">rdacontent</marc:subfield>
    </marc:datafield>
    <marc:datafield ind1=" " ind2=" " tag="337">
      <marc:subfield code="a">Computermedien</marc:subfield>
      <marc:subfield code="b">c</marc:subfield>
      <marc:subfield code="2">rdamedia</marc:subfield>
    </marc:datafield>
    <marc:datafield ind1=" " ind2=" " tag="338">
      <marc:subfield code="a">Online-Ressource</marc:subfield>
      <marc:subfield code="b">cr</marc:subfield>
      <marc:subfield code="2">rdacarrier</marc:subfield>
    </marc:datafield>
    <marc:datafield ind1=" " ind2=" " tag="500">
      <marc:subfield code="a">Lizenzpflichtig</marc:subfield>
    </marc:datafield>
    <marc:datafield ind1="1" ind2=" " tag="583">
      <marc:subfield code="a">Langzeitarchivierung gewährleistet</marc:subfield>
      <marc:subfield code="i">LZA</marc:subfield>
    </marc:datafield>
    <marc:datafield ind1="1" ind2="7" tag="600">
      <marc:subfield code="0">(DE-588)118541579</marc:subfield>
      <marc:subfield code="0">http://d-nb.info/gnd/118541579</marc:subfield>
      <marc:subfield code="0">(DE-101)118541579</marc:subfield>
      <marc:subfield code="a">Grass, Günter</marc:subfield>
      <marc:subfield code="d">1927-2015</marc:subfield>
      <marc:subfield code="2">gnd</marc:subfield>
      <marc:subfield code="1p">http://viaf.org/viaf/102319859</marc:subfield>
    </marc:datafield>
    
    
    <marc:datafield ind1=" " ind2=" " tag="653">
      <marc:subfield code="a">(Produktform)Electronic book text</marc:subfield>
    </marc:datafield>
    <marc:datafield ind1=" " ind2=" " tag="653">
      <marc:subfield code="a">(BISAC Subject Heading)FIC000000</marc:subfield>
    </marc:datafield>
    <marc:datafield ind1=" " ind2=" " tag="653">
      <marc:subfield code="a">(DDC-Sachgruppen der Deutschen Nationalbibliografie)830</marc:subfield>
    </marc:datafield>
    <marc:datafield ind1=" " ind2=" " tag="653">
      <marc:subfield code="a">(DDC-Sachgruppen der Deutschen Nationalbibliografie)B</marc:subfield>
    </marc:datafield>
    <marc:datafield ind1=" " ind2=" " tag="653">
      <marc:subfield code="a">(VLB-WN)9112: Nonbooks, PBS / Belletristik/Gegenwartsliteratur (ab 1945)</marc:subfield>
    </marc:datafield>
    
    
    
    
    
    
    <marc:datafield ind1="0" ind2="8" tag="776">
      <marc:subfield code="i">Erscheint auch als</marc:subfield>
      <marc:subfield code="n">Druck-Ausgabe</marc:subfield>
      <marc:subfield code="a">Grass, Günter, 1927-2015</marc:subfield>
      <marc:subfield code="t">Die Box</marc:subfield>
      <marc:subfield code="d">Göttingen : Steidl, 2008</marc:subfield>
      <marc:subfield code="h">215 S., Ill.</marc:subfield>
      <marc:subfield code="w">(DE-101)988484676</marc:subfield>
    </marc:datafield>
    <marc:datafield ind1="0" ind2="8" tag="776">
      <marc:subfield code="i">Elektronische Reproduktion von</marc:subfield>
      <marc:subfield code="z">9783865217714</marc:subfield>
    </marc:datafield>
    <marc:datafield ind1=" " ind2=" " tag="850">
      <marc:subfield code="a">DE-101a</marc:subfield>
      <marc:subfield code="a">DE-101b</marc:subfield>
    </marc:datafield>
    <marc:datafield ind1="4" ind2="0" tag="856">
      <marc:subfield code="u">http://nbn-resolving.de/urn:nbn:de:101:1-2016101653</marc:subfield>
      <marc:subfield code="x">Resolving-System</marc:subfield>
    </marc:datafield>
    <marc:datafield ind1=" " ind2="0" tag="856">
      <marc:subfield code="u">http://d-nb.info/1116195658/34</marc:subfield>
      <marc:subfield code="x">Langzeitarchivierung Nationalbibliothek</marc:subfield>
    </marc:datafield>
    <marc:datafield ind1="4" ind2=" " tag="856">
      <marc:subfield code="q">epub</marc:subfield>
    </marc:datafield>
    <marc:datafield ind1="1" ind2=" " tag="883">
      <marc:subfield code="8">2\p</marc:subfield>
      <marc:subfield code="a">Übernahme aus paralleler Ausgabe</marc:subfield>
      <marc:subfield code="d">20161016</marc:subfield>
      <marc:subfield code="q">DE-101</marc:subfield>
    </marc:datafield>
  </marc:record>