
  <marc:record type="Bibliographic" source="1999-DNB-Germany-Gunter-Grass.xml">
    <marc:leader>00000pam a2200000 c 4500</marc:leader>
    <marc:controlfield tag="001">948997117</marc:controlfield>
    <marc:controlfield tag="003">DE-101</marc:controlfield>
    <marc:controlfield tag="005">20171203003902.0</marc:controlfield>
    <marc:controlfield tag="007">tu</marc:controlfield>
    <marc:controlfield tag="008">961105s1997    gw ||||| m||| 00||||ger  </marc:controlfield>
    <marc:datafield ind1=" " ind2=" " tag="015">
      <marc:subfield code="a">97,A40,1096</marc:subfield>
      <marc:subfield code="z">96,N48,0696</marc:subfield>
      <marc:subfield code="2">dnb</marc:subfield>
    </marc:datafield>
    <marc:datafield ind1="7" ind2=" " tag="016">
      <marc:subfield code="2">DE-101</marc:subfield>
      <marc:subfield code="a">948997117</marc:subfield>
    </marc:datafield>
    <marc:datafield ind1=" " ind2=" " tag="020">
      <marc:subfield code="a">9783906757216</marc:subfield>
      <marc:subfield code="c">kart. : sfr 37.00</marc:subfield>
      <marc:subfield code="9">978-3-906757-21-6</marc:subfield>
    </marc:datafield>
    <marc:datafield ind1=" " ind2=" " tag="020">
      <marc:subfield code="a">3906757218</marc:subfield>
      <marc:subfield code="c">kart. : sfr 37.00</marc:subfield>
      <marc:subfield code="9">3-906757-21-8</marc:subfield>
    </marc:datafield>
    <marc:datafield ind1=" " ind2=" " tag="035">
      <marc:subfield code="a">(DE-599)DNB948997117</marc:subfield>
    </marc:datafield>
    <marc:datafield ind1=" " ind2=" " tag="035">
      <marc:subfield code="a">(OCoLC)722369033</marc:subfield>
    </marc:datafield>
    <marc:datafield ind1=" " ind2=" " tag="040">
      <marc:subfield code="a">1140</marc:subfield>
      <marc:subfield code="b">ger</marc:subfield>
      <marc:subfield code="c">DE-101</marc:subfield>
      <marc:subfield code="d">9999</marc:subfield>
    </marc:datafield>
    <marc:datafield ind1=" " ind2=" " tag="041">
      <marc:subfield code="a">ger</marc:subfield>
    </marc:datafield>
    <marc:datafield ind1=" " ind2=" " tag="043">
      <marc:subfield code="c">XA-DE</marc:subfield>
    </marc:datafield>
    <marc:datafield ind1=" " ind2=" " tag="044">
      <marc:subfield code="c">XA-DE</marc:subfield>
    </marc:datafield>
    <marc:datafield ind1=" " ind2=" " tag="084">
      <marc:subfield code="a">53</marc:subfield>
      <marc:subfield code="a">430</marc:subfield>
      <marc:subfield code="a">830</marc:subfield>
      <marc:subfield code="q">DE-101</marc:subfield>
      <marc:subfield code="2">sdnb</marc:subfield>
    </marc:datafield>
    <marc:datafield ind1=" " ind2=" " tag="084">
      <marc:subfield code="a">12.2p</marc:subfield>
      <marc:subfield code="a">12.4</marc:subfield>
      <marc:subfield code="q">DE-101</marc:subfield>
      <marc:subfield code="2">sswd</marc:subfield>
    </marc:datafield>
    <marc:datafield ind1=" " ind2=" " tag="090">
      <marc:subfield code="a">b</marc:subfield>
    </marc:datafield>
    <marc:datafield ind1="1" ind2=" " tag="100">
      <marc:subfield code="0">(DE-588)115629378</marc:subfield>
      <marc:subfield code="0">http://d-nb.info/gnd/115629378</marc:subfield>
      <marc:subfield code="0">(DE-101)115629378</marc:subfield>
      <marc:subfield code="a">Schulz, Andrej</marc:subfield>
      <marc:subfield code="d">1961-</marc:subfield>
      <marc:subfield code="e">Verfasser</marc:subfield>
      <marc:subfield code="4">aut</marc:subfield>
      <marc:subfield code="1p">schulzandrej</marc:subfield>
    </marc:datafield>
    <marc:datafield ind1="0" ind2="0" tag="245">
      <marc:subfield code="a">Chancen tätiger Resignation</marc:subfield>
      <marc:subfield code="b">zur "melancholischen Struktur" in Günter Grass' Roman "Die Rättin"</marc:subfield>
      <marc:subfield code="c">Andrej Schulz</marc:subfield>
    </marc:datafield>
    <marc:datafield ind1=" " ind2="1" tag="264">
      <marc:subfield code="a">Bern</marc:subfield>
      <marc:subfield code="a">Berlin</marc:subfield>
      <marc:subfield code="a">Frankfurt/M.</marc:subfield>
      <marc:subfield code="a">New York</marc:subfield>
      <marc:subfield code="a">Paris</marc:subfield>
      <marc:subfield code="a">Wien</marc:subfield>
      <marc:subfield code="b">Lang</marc:subfield>
      <marc:subfield code="c">1997</marc:subfield>
    </marc:datafield>
    <marc:datafield ind1=" " ind2=" " tag="300">
      <marc:subfield code="a">105 S.</marc:subfield>
      <marc:subfield code="c">21 cm</marc:subfield>
    </marc:datafield>
    <marc:datafield ind1=" " ind2=" " tag="336">
      <marc:subfield code="a">Text</marc:subfield>
      <marc:subfield code="b">txt</marc:subfield>
      <marc:subfield code="2">rdacontent</marc:subfield>
    </marc:datafield>
    <marc:datafield ind1=" " ind2=" " tag="337">
      <marc:subfield code="a">ohne Hilfsmittel zu benutzen</marc:subfield>
      <marc:subfield code="b">n</marc:subfield>
      <marc:subfield code="2">rdamedia</marc:subfield>
    </marc:datafield>
    <marc:datafield ind1=" " ind2=" " tag="338">
      <marc:subfield code="a">Band</marc:subfield>
      <marc:subfield code="b">nc</marc:subfield>
      <marc:subfield code="2">rdacarrier</marc:subfield>
    </marc:datafield>
    <marc:datafield ind1="1" ind2=" " tag="490">
      <marc:subfield code="a">Europäische Hochschulschriften : Reihe 1, Deutsche Sprache und Literatur</marc:subfield>
      <marc:subfield code="v">Bd. 1602</marc:subfield>
    </marc:datafield>
    <marc:datafield ind1=" " ind2=" " tag="502">
      <marc:subfield code="a">Zugl.: Zürich, Univ., Diss., 1995</marc:subfield>
    </marc:datafield>
    <marc:datafield ind1="1" ind2="7" tag="600">
      <marc:subfield code="0">(DE-588)4241325-4</marc:subfield>
      <marc:subfield code="0">http://d-nb.info/gnd/4241325-4</marc:subfield>
      <marc:subfield code="0">(DE-101)042413257</marc:subfield>
      <marc:subfield code="a">Grass, Günter</marc:subfield>
      <marc:subfield code="d">1927-2015</marc:subfield>
      <marc:subfield code="t">Die Rättin</marc:subfield>
      <marc:subfield code="2">gnd</marc:subfield>
      <marc:subfield code="1p">http://viaf.org/viaf/102319859</marc:subfield>
      <marc:subfield code="1w">http://www.wikidata.org/entity/Q765047</marc:subfield>
    </marc:datafield>
    
    
    
    
    
    <marc:datafield ind1=" " ind2="0" tag="830">
      <marc:subfield code="a">Europäische Hochschulschriften / 1</marc:subfield>
      <marc:subfield code="n">Reihe 1</marc:subfield>
      <marc:subfield code="p">Deutsche Sprache und Literatur</marc:subfield>
      <marc:subfield code="t">Europäische Hochschulschriften</marc:subfield>
      <marc:subfield code="v">Bd. 1602</marc:subfield>
      <marc:subfield code="w">(DE-101)012681369</marc:subfield>
      <marc:subfield code="w">(DE-600)510543-2</marc:subfield>
      <marc:subfield code="9">41602</marc:subfield>
      <marc:subfield code="7">as</marc:subfield>
    </marc:datafield>
    <marc:datafield ind1=" " ind2=" " tag="850">
      <marc:subfield code="a">DE-101a</marc:subfield>
      <marc:subfield code="a">DE-101b</marc:subfield>
    </marc:datafield>
  </marc:record>