
  <marc:record type="Bibliographic" source="1999-DNB-Germany-Gunter-Grass.xml">
    <marc:leader>00000pam a2200000 c 4500</marc:leader>
    <marc:controlfield tag="001">945031300</marc:controlfield>
    <marc:controlfield tag="003">DE-101</marc:controlfield>
    <marc:controlfield tag="005">20171202220920.0</marc:controlfield>
    <marc:controlfield tag="007">tu</marc:controlfield>
    <marc:controlfield tag="008">950721s1995    gw ||||| m||| 00||||ger  </marc:controlfield>
    <marc:datafield ind1=" " ind2=" " tag="015">
      <marc:subfield code="a">95,A48,1246</marc:subfield>
      <marc:subfield code="z">95,N38,0684</marc:subfield>
      <marc:subfield code="2">dnb</marc:subfield>
    </marc:datafield>
    <marc:datafield ind1="7" ind2=" " tag="016">
      <marc:subfield code="2">DE-101</marc:subfield>
      <marc:subfield code="a">945031300</marc:subfield>
    </marc:datafield>
    <marc:datafield ind1=" " ind2=" " tag="020">
      <marc:subfield code="a">9783631493984</marc:subfield>
      <marc:subfield code="c">kart. : ca. DM 84.00 (freier Pr.)</marc:subfield>
      <marc:subfield code="9">978-3-631-49398-4</marc:subfield>
    </marc:datafield>
    <marc:datafield ind1=" " ind2=" " tag="020">
      <marc:subfield code="a">3631493983</marc:subfield>
      <marc:subfield code="c">kart. : ca. DM 84.00 (freier Pr.)</marc:subfield>
      <marc:subfield code="9">3-631-49398-3</marc:subfield>
    </marc:datafield>
    <marc:datafield ind1=" " ind2=" " tag="035">
      <marc:subfield code="a">(DE-599)DNB945031300</marc:subfield>
    </marc:datafield>
    <marc:datafield ind1=" " ind2=" " tag="035">
      <marc:subfield code="a">(OCoLC)722606428</marc:subfield>
    </marc:datafield>
    <marc:datafield ind1=" " ind2=" " tag="040">
      <marc:subfield code="a">1240</marc:subfield>
      <marc:subfield code="b">ger</marc:subfield>
      <marc:subfield code="c">DE-101</marc:subfield>
      <marc:subfield code="d">9999</marc:subfield>
    </marc:datafield>
    <marc:datafield ind1=" " ind2=" " tag="041">
      <marc:subfield code="a">ger</marc:subfield>
    </marc:datafield>
    <marc:datafield ind1=" " ind2=" " tag="043">
      <marc:subfield code="c">XA-DE</marc:subfield>
      <marc:subfield code="c">XA-DE</marc:subfield>
    </marc:datafield>
    <marc:datafield ind1=" " ind2=" " tag="044">
      <marc:subfield code="c">XA-DE</marc:subfield>
    </marc:datafield>
    <marc:datafield ind1=" " ind2=" " tag="084">
      <marc:subfield code="a">53</marc:subfield>
      <marc:subfield code="a">430</marc:subfield>
      <marc:subfield code="a">830</marc:subfield>
      <marc:subfield code="q">DE-101</marc:subfield>
      <marc:subfield code="2">sdnb</marc:subfield>
    </marc:datafield>
    <marc:datafield ind1=" " ind2=" " tag="084">
      <marc:subfield code="a">12.2p</marc:subfield>
      <marc:subfield code="a">12.1a</marc:subfield>
      <marc:subfield code="a">12.1a</marc:subfield>
      <marc:subfield code="a">12.2p</marc:subfield>
      <marc:subfield code="q">DE-101</marc:subfield>
      <marc:subfield code="2">sswd</marc:subfield>
    </marc:datafield>
    <marc:datafield ind1="1" ind2=" " tag="100">
      <marc:subfield code="0">(DE-588)121447634</marc:subfield>
      <marc:subfield code="0">http://d-nb.info/gnd/121447634</marc:subfield>
      <marc:subfield code="0">(DE-101)121447634</marc:subfield>
      <marc:subfield code="a">Kim, Nuri</marc:subfield>
      <marc:subfield code="e">Verfasser</marc:subfield>
      <marc:subfield code="4">aut</marc:subfield>
      <marc:subfield code="1p">kimnuri</marc:subfield>
    </marc:datafield>
    <marc:datafield ind1="0" ind2="0" tag="245">
      <marc:subfield code="a">Allegorie oder Authentizität</marc:subfield>
      <marc:subfield code="b">zwei ästhetische Modelle der Aufarbeitung der Vergangenheit: Günter Grass' Die Blechtrommel und Christa Wolfs Kindheitsmuster</marc:subfield>
      <marc:subfield code="c">Nury Kim</marc:subfield>
    </marc:datafield>
    <marc:datafield ind1=" " ind2="1" tag="264">
      <marc:subfield code="a">Frankfurt am Main</marc:subfield>
      <marc:subfield code="a">Berlin</marc:subfield>
      <marc:subfield code="a">Bern</marc:subfield>
      <marc:subfield code="a">New York</marc:subfield>
      <marc:subfield code="a">Paris</marc:subfield>
      <marc:subfield code="a">Wien</marc:subfield>
      <marc:subfield code="b">Lang</marc:subfield>
      <marc:subfield code="c">1995</marc:subfield>
    </marc:datafield>
    <marc:datafield ind1=" " ind2=" " tag="300">
      <marc:subfield code="a">259 S.</marc:subfield>
      <marc:subfield code="c">21 cm</marc:subfield>
    </marc:datafield>
    <marc:datafield ind1=" " ind2=" " tag="336">
      <marc:subfield code="a">Text</marc:subfield>
      <marc:subfield code="b">txt</marc:subfield>
      <marc:subfield code="2">rdacontent</marc:subfield>
    </marc:datafield>
    <marc:datafield ind1=" " ind2=" " tag="337">
      <marc:subfield code="a">ohne Hilfsmittel zu benutzen</marc:subfield>
      <marc:subfield code="b">n</marc:subfield>
      <marc:subfield code="2">rdamedia</marc:subfield>
    </marc:datafield>
    <marc:datafield ind1=" " ind2=" " tag="338">
      <marc:subfield code="a">Band</marc:subfield>
      <marc:subfield code="b">nc</marc:subfield>
      <marc:subfield code="2">rdacarrier</marc:subfield>
    </marc:datafield>
    <marc:datafield ind1="1" ind2=" " tag="490">
      <marc:subfield code="a">Europäische Hochschulschriften : Reihe 1, Deutsche Sprache und Literatur</marc:subfield>
      <marc:subfield code="v">Bd. 1534</marc:subfield>
    </marc:datafield>
    <marc:datafield ind1=" " ind2=" " tag="502">
      <marc:subfield code="a">Zugl.: Bremen, Univ., Diss., 1995</marc:subfield>
    </marc:datafield>
    <marc:datafield ind1="1" ind2="7" tag="600">
      <marc:subfield code="0">(DE-588)4127269-9</marc:subfield>
      <marc:subfield code="0">http://d-nb.info/gnd/4127269-9</marc:subfield>
      <marc:subfield code="0">(DE-101)041272692</marc:subfield>
      <marc:subfield code="a">Wolf, Christa</marc:subfield>
      <marc:subfield code="d">1929-2011</marc:subfield>
      <marc:subfield code="t">Kindheitsmuster</marc:subfield>
      <marc:subfield code="2">gnd</marc:subfield>
      <marc:subfield code="1p">wolfchrista</marc:subfield>
    </marc:datafield>
    <marc:datafield ind1="1" ind2="7" tag="600">
      <marc:subfield code="0">(DE-588)4099211-1</marc:subfield>
      <marc:subfield code="0">http://d-nb.info/gnd/4099211-1</marc:subfield>
      <marc:subfield code="0">(DE-101)04099211X</marc:subfield>
      <marc:subfield code="a">Grass, Günter</marc:subfield>
      <marc:subfield code="d">1927-2015</marc:subfield>
      <marc:subfield code="t">Die Blechtrommel</marc:subfield>
      <marc:subfield code="2">gnd</marc:subfield>
      <marc:subfield code="1p">http://viaf.org/viaf/102319859</marc:subfield>
      <marc:subfield code="1w">http://www.wikidata.org/entity/Q899334</marc:subfield>
    </marc:datafield>
    
    
    
    
    
    
    
    
    
    <marc:datafield ind1=" " ind2="0" tag="830">
      <marc:subfield code="a">Europäische Hochschulschriften / 1</marc:subfield>
      <marc:subfield code="n">Reihe 1</marc:subfield>
      <marc:subfield code="p">Deutsche Sprache und Literatur</marc:subfield>
      <marc:subfield code="t">Europäische Hochschulschriften</marc:subfield>
      <marc:subfield code="v">Bd. 1534</marc:subfield>
      <marc:subfield code="w">(DE-101)012681369</marc:subfield>
      <marc:subfield code="w">(DE-600)510543-2</marc:subfield>
      <marc:subfield code="9">41534</marc:subfield>
      <marc:subfield code="7">as</marc:subfield>
    </marc:datafield>
    <marc:datafield ind1=" " ind2=" " tag="850">
      <marc:subfield code="a">DE-101a</marc:subfield>
      <marc:subfield code="a">DE-101b</marc:subfield>
    </marc:datafield>
  </marc:record>