
  <marc:record type="Bibliographic" source="1999-DNB-Germany-Gunter-Grass.xml">
    <marc:leader>00000nam a2200000uc 4500</marc:leader>
    <marc:controlfield tag="001">1022077104</marc:controlfield>
    <marc:controlfield tag="003">DE-101</marc:controlfield>
    <marc:controlfield tag="005">20171203005641.0</marc:controlfield>
    <marc:controlfield tag="007">cr||||||||||||</marc:controlfield>
    <marc:controlfield tag="008">120507s2008    gw |||||o|||| 00||||ger  </marc:controlfield>
    <marc:datafield ind1=" " ind2=" " tag="015">
      <marc:subfield code="a">12,O06</marc:subfield>
      <marc:subfield code="2">dnb</marc:subfield>
    </marc:datafield>
    <marc:datafield ind1="7" ind2=" " tag="016">
      <marc:subfield code="2">DE-101</marc:subfield>
      <marc:subfield code="a">1022077104</marc:subfield>
    </marc:datafield>
    <marc:datafield ind1=" " ind2=" " tag="020">
      <marc:subfield code="a">9783804458543</marc:subfield>
      <marc:subfield code="9">978-3-8044-5854-3</marc:subfield>
    </marc:datafield>
    <marc:datafield ind1="3" ind2=" " tag="024">
      <marc:subfield code="a">9783804458543</marc:subfield>
    </marc:datafield>
    <marc:datafield ind1="7" ind2=" " tag="024">
      <marc:subfield code="2">urn</marc:subfield>
      <marc:subfield code="a">urn:nbn:de:101:1-201205071859</marc:subfield>
    </marc:datafield>
    <marc:datafield ind1=" " ind2=" " tag="035">
      <marc:subfield code="a">(DE-599)DNB1022077104</marc:subfield>
    </marc:datafield>
    <marc:datafield ind1=" " ind2=" " tag="040">
      <marc:subfield code="a">1240</marc:subfield>
      <marc:subfield code="b">ger</marc:subfield>
      <marc:subfield code="c">DE-101</marc:subfield>
      <marc:subfield code="d">9999</marc:subfield>
    </marc:datafield>
    <marc:datafield ind1=" " ind2=" " tag="041">
      <marc:subfield code="a">ger</marc:subfield>
    </marc:datafield>
    <marc:datafield ind1=" " ind2=" " tag="044">
      <marc:subfield code="c">XA-DE-BY</marc:subfield>
    </marc:datafield>
    <marc:datafield ind1="7" ind2="4" tag="082">
      <marc:subfield code="8">1\p</marc:subfield>
      <marc:subfield code="a">830</marc:subfield>
      <marc:subfield code="q">DE-101</marc:subfield>
      <marc:subfield code="2">22sdnb</marc:subfield>
    </marc:datafield>
    <marc:datafield ind1="1" ind2=" " tag="100">
      <marc:subfield code="0">(DE-588)118541579</marc:subfield>
      <marc:subfield code="0">http://d-nb.info/gnd/118541579</marc:subfield>
      <marc:subfield code="0">(DE-101)118541579</marc:subfield>
      <marc:subfield code="a">Grass, Günter</marc:subfield>
      <marc:subfield code="d">1927-2015</marc:subfield>
      <marc:subfield code="e">Verfasser</marc:subfield>
      <marc:subfield code="4">aut</marc:subfield>
      <marc:subfield code="1p">http://viaf.org/viaf/102319859</marc:subfield>
    </marc:datafield>
    <marc:datafield tag="240" ind1="1" ind2="0">
      <marc:subfield code="a">Im Krebsgang</marc:subfield>
      <marc:subfield code="1w">http://www.wikidata.org/entity/Q1460598</marc:subfield>
      <marc:subfield code="2">generated from 245</marc:subfield>
    </marc:datafield>
    <marc:datafield ind1="0" ind2="0" tag="245">
      <marc:subfield code="a">Grass, Im Krebsgang</marc:subfield>
      <marc:subfield code="b">Lektüre- und Interpretationshilfe</marc:subfield>
      <marc:subfield code="c">Günter Grass</marc:subfield>
    </marc:datafield>
    <marc:datafield ind1=" " ind2=" " tag="250">
      <marc:subfield code="a">5., veränd. Aufl.</marc:subfield>
    </marc:datafield>
    <marc:datafield ind1=" " ind2=" " tag="259">
      <marc:subfield code="a">15</marc:subfield>
    </marc:datafield>
    <marc:datafield ind1=" " ind2="1" tag="264">
      <marc:subfield code="a">Hollfeld</marc:subfield>
      <marc:subfield code="b">Bange, C</marc:subfield>
      <marc:subfield code="c">2008</marc:subfield>
    </marc:datafield>
    <marc:datafield ind1=" " ind2=" " tag="300">
      <marc:subfield code="a">Online-Ressource</marc:subfield>
    </marc:datafield>
    <marc:datafield ind1=" " ind2=" " tag="336">
      <marc:subfield code="a">Text</marc:subfield>
      <marc:subfield code="b">txt</marc:subfield>
      <marc:subfield code="2">rdacontent</marc:subfield>
    </marc:datafield>
    <marc:datafield ind1=" " ind2=" " tag="337">
      <marc:subfield code="a">Computermedien</marc:subfield>
      <marc:subfield code="b">c</marc:subfield>
      <marc:subfield code="2">rdamedia</marc:subfield>
    </marc:datafield>
    <marc:datafield ind1=" " ind2=" " tag="338">
      <marc:subfield code="a">Online-Ressource</marc:subfield>
      <marc:subfield code="b">cr</marc:subfield>
      <marc:subfield code="2">rdacarrier</marc:subfield>
    </marc:datafield>
    <marc:datafield ind1="1" ind2=" " tag="490">
      <marc:subfield code="a">Königs Erläuterungen und Materialien</marc:subfield>
      <marc:subfield code="v">416</marc:subfield>
    </marc:datafield>
    <marc:datafield ind1=" " ind2=" " tag="500">
      <marc:subfield code="a">Lizenzpflichtig</marc:subfield>
    </marc:datafield>
    <marc:datafield ind1="1" ind2=" " tag="583">
      <marc:subfield code="a">Langzeitarchivierung gewährleistet</marc:subfield>
      <marc:subfield code="i">LZA</marc:subfield>
    </marc:datafield>
    <marc:datafield ind1=" " ind2=" " tag="653">
      <marc:subfield code="a">(Produktform)Electronic book text</marc:subfield>
    </marc:datafield>
    <marc:datafield ind1=" " ind2=" " tag="653">
      <marc:subfield code="a">(Zielgruppe)Vor-, Grund- und weiterführende Schulen</marc:subfield>
    </marc:datafield>
    <marc:datafield ind1=" " ind2=" " tag="653">
      <marc:subfield code="a">(Zielgruppe)Für Schüler zur Vorbereitung auf schriftliche Arbeiten und Referate</marc:subfield>
    </marc:datafield>
    <marc:datafield ind1=" " ind2=" " tag="653">
      <marc:subfield code="a">(Zielgruppe)ab 17 Jahre bis 19 Jahre</marc:subfield>
    </marc:datafield>
    <marc:datafield ind1=" " ind2=" " tag="653">
      <marc:subfield code="a">Interpretation</marc:subfield>
    </marc:datafield>
    <marc:datafield ind1=" " ind2=" " tag="653">
      <marc:subfield code="a">Referat</marc:subfield>
    </marc:datafield>
    <marc:datafield ind1=" " ind2=" " tag="653">
      <marc:subfield code="a">Hausarbeit</marc:subfield>
    </marc:datafield>
    <marc:datafield ind1=" " ind2=" " tag="653">
      <marc:subfield code="a">(VLB-WN)9851: Nonbooks, PBS / Schule, Lernen/Lektüren, Interpretationen, Lektürehilfen/Deutsch</marc:subfield>
    </marc:datafield>
    <marc:datafield ind1="1" ind2=" " tag="700">
      <marc:subfield code="0">(DE-588)123868513</marc:subfield>
      <marc:subfield code="0">http://d-nb.info/gnd/123868513</marc:subfield>
      <marc:subfield code="0">(DE-101)123868513</marc:subfield>
      <marc:subfield code="a">Bernhardt, Rüdiger</marc:subfield>
      <marc:subfield code="d">1940-</marc:subfield>
      <marc:subfield code="e">Mitwirkender</marc:subfield>
      <marc:subfield code="4">ctb</marc:subfield>
      <marc:subfield code="1p">http://viaf.org/viaf/272405923</marc:subfield>
    </marc:datafield>
    <marc:datafield ind1=" " ind2="0" tag="830">
      <marc:subfield code="a">Königs Erläuterungen und Materialien</marc:subfield>
      <marc:subfield code="v">416</marc:subfield>
      <marc:subfield code="9">3416</marc:subfield>
    </marc:datafield>
    <marc:datafield ind1=" " ind2=" " tag="850">
      <marc:subfield code="a">DE-101a</marc:subfield>
      <marc:subfield code="a">DE-101b</marc:subfield>
    </marc:datafield>
    <marc:datafield ind1="4" ind2="0" tag="856">
      <marc:subfield code="u">http://nbn-resolving.de/urn:nbn:de:101:1-201205071859</marc:subfield>
      <marc:subfield code="x">Resolving-System</marc:subfield>
    </marc:datafield>
    <marc:datafield ind1=" " ind2="0" tag="856">
      <marc:subfield code="u">http://d-nb.info/1022077104/34</marc:subfield>
      <marc:subfield code="x">Langzeitarchivierung Nationalbibliothek</marc:subfield>
    </marc:datafield>
    <marc:datafield ind1="0" ind2=" " tag="883">
      <marc:subfield code="8">1\p</marc:subfield>
      <marc:subfield code="a">maschinell gebildet</marc:subfield>
      <marc:subfield code="c">1,000</marc:subfield>
      <marc:subfield code="d">20120508</marc:subfield>
      <marc:subfield code="q">DE-101</marc:subfield>
    </marc:datafield>
  </marc:record>