
  <marc:record type="Bibliographic" source="1999-DNB-Germany-Gunter-Grass.xml">
    <marc:leader>00000nim a2200000 c 4500</marc:leader>
    <marc:controlfield tag="001">820146560</marc:controlfield>
    <marc:controlfield tag="003">DE-101</marc:controlfield>
    <marc:controlfield tag="005">20171202065525.0</marc:controlfield>
    <marc:controlfield tag="007">s|||||||||||||</marc:controlfield>
    <marc:controlfield tag="007">tu</marc:controlfield>
    <marc:controlfield tag="008">811030s1981    gw ||||| |||||||||||ger  </marc:controlfield>
    <marc:datafield ind1=" " ind2=" " tag="015">
      <marc:subfield code="a">82,A06,0834</marc:subfield>
      <marc:subfield code="2">dnb</marc:subfield>
    </marc:datafield>
    <marc:datafield ind1="7" ind2=" " tag="016">
      <marc:subfield code="2">DE-101</marc:subfield>
      <marc:subfield code="a">820146560</marc:subfield>
    </marc:datafield>
    <marc:datafield ind1=" " ind2=" " tag="020">
      <marc:subfield code="c">Best.-Nr. 2571112</marc:subfield>
    </marc:datafield>
    <marc:datafield ind1=" " ind2=" " tag="035">
      <marc:subfield code="a">(DE-599)DNB820146560</marc:subfield>
    </marc:datafield>
    <marc:datafield ind1=" " ind2=" " tag="035">
      <marc:subfield code="a">(OCoLC)720737414</marc:subfield>
    </marc:datafield>
    <marc:datafield ind1=" " ind2=" " tag="040">
      <marc:subfield code="a">1200</marc:subfield>
      <marc:subfield code="b">ger</marc:subfield>
      <marc:subfield code="c">DE-101</marc:subfield>
      <marc:subfield code="d">9999</marc:subfield>
    </marc:datafield>
    <marc:datafield ind1=" " ind2=" " tag="041">
      <marc:subfield code="a">ger</marc:subfield>
    </marc:datafield>
    <marc:datafield ind1=" " ind2=" " tag="044">
      <marc:subfield code="c">XA-DE</marc:subfield>
    </marc:datafield>
    <marc:datafield ind1=" " ind2=" " tag="084">
      <marc:subfield code="a">59</marc:subfield>
      <marc:subfield code="a">810</marc:subfield>
      <marc:subfield code="a">820</marc:subfield>
      <marc:subfield code="a">830</marc:subfield>
      <marc:subfield code="a">839</marc:subfield>
      <marc:subfield code="a">840</marc:subfield>
      <marc:subfield code="a">850</marc:subfield>
      <marc:subfield code="a">860</marc:subfield>
      <marc:subfield code="a">870</marc:subfield>
      <marc:subfield code="a">880</marc:subfield>
      <marc:subfield code="a">890</marc:subfield>
      <marc:subfield code="a">B</marc:subfield>
      <marc:subfield code="q">DE-101</marc:subfield>
      <marc:subfield code="2">sdnb</marc:subfield>
    </marc:datafield>
    <marc:datafield ind1="1" ind2=" " tag="100">
      <marc:subfield code="0">(DE-588)118541579</marc:subfield>
      <marc:subfield code="0">http://d-nb.info/gnd/118541579</marc:subfield>
      <marc:subfield code="0">(DE-101)118541579</marc:subfield>
      <marc:subfield code="a">Grass, Günter</marc:subfield>
      <marc:subfield code="d">1927-2015</marc:subfield>
      <marc:subfield code="e">Verfasser</marc:subfield>
      <marc:subfield code="4">aut</marc:subfield>
      <marc:subfield code="1p">http://viaf.org/viaf/102319859</marc:subfield>
    </marc:datafield>
    <marc:datafield ind1="1" ind2="0" tag="243">
      <marc:subfield code="a">Sammlung</marc:subfield>
    </marc:datafield>
    <marc:datafield tag="240" ind1="1" ind2="0">
      <marc:subfield code="a">Die Blechtrommel</marc:subfield>
      <marc:subfield code="1w">http://www.wikidata.org/entity/Q899334</marc:subfield>
      <marc:subfield code="2">generated from 245</marc:subfield>
    </marc:datafield>
    <marc:datafield ind1="0" ind2="0" tag="245">
      <marc:subfield code="a">Die Blechtrommel</marc:subfield>
    </marc:datafield>
    <marc:datafield ind1=" " ind2=" " tag="249">
      <marc:subfield code="a">Örtlich betäubt. [Ausz.] / Günter Grass. Gelesen vom Autor</marc:subfield>
    </marc:datafield>
    <marc:datafield ind1=" " ind2="1" tag="264">
      <marc:subfield code="a">[Hamburg]</marc:subfield>
      <marc:subfield code="b">Deutsche Grammophon</marc:subfield>
      <marc:subfield code="c">[1981 ?]</marc:subfield>
    </marc:datafield>
    <marc:datafield ind1=" " ind2=" " tag="300">
      <marc:subfield code="a">1 Schallpl.</marc:subfield>
      <marc:subfield code="b">33 UpM, Stereo</marc:subfield>
      <marc:subfield code="c">30 cm</marc:subfield>
    </marc:datafield>
    <marc:datafield ind1=" " ind2=" " tag="336">
      <marc:subfield code="a">gesprochenes Wort</marc:subfield>
      <marc:subfield code="b">spw</marc:subfield>
      <marc:subfield code="2">rdacontent</marc:subfield>
    </marc:datafield>
    <marc:datafield ind1=" " ind2=" " tag="337">
      <marc:subfield code="a">audio</marc:subfield>
      <marc:subfield code="b">s</marc:subfield>
      <marc:subfield code="2">rdamedia</marc:subfield>
    </marc:datafield>
    <marc:datafield ind1=" " ind2=" " tag="338">
      <marc:subfield code="a">Audiodisk</marc:subfield>
      <marc:subfield code="b">sd</marc:subfield>
      <marc:subfield code="2">rdacarrier</marc:subfield>
    </marc:datafield>
    <marc:datafield ind1="0" ind2=" " tag="490">
      <marc:subfield code="a">Wort Resonance</marc:subfield>
    </marc:datafield>
    <marc:datafield ind1=" " ind2=" " tag="500">
      <marc:subfield code="a">Auch erhältl. als Tonkassette, Best.-Nr. 3321112</marc:subfield>
    </marc:datafield>
    
    <marc:datafield ind1=" " ind2=" " tag="850">
      <marc:subfield code="a">DE-101b</marc:subfield>
    </marc:datafield>
  </marc:record>