
  <marc:record type="Bibliographic" source="1999-DNB-Germany-Gunter-Grass.xml">
    <marc:leader>00000pam a2200000 c 4500</marc:leader>
    <marc:controlfield tag="001">982316666</marc:controlfield>
    <marc:controlfield tag="003">DE-101</marc:controlfield>
    <marc:controlfield tag="005">20171202020348.0</marc:controlfield>
    <marc:controlfield tag="007">tu</marc:controlfield>
    <marc:controlfield tag="008">061212s2007    gw ||||| |||| 00||||ger  </marc:controlfield>
    <marc:datafield ind1=" " ind2=" " tag="015">
      <marc:subfield code="a">07,A22,1578</marc:subfield>
      <marc:subfield code="z">07,N03,1884</marc:subfield>
      <marc:subfield code="2">dnb</marc:subfield>
    </marc:datafield>
    <marc:datafield ind1="7" ind2=" " tag="016">
      <marc:subfield code="2">DE-101</marc:subfield>
      <marc:subfield code="a">982316666</marc:subfield>
    </marc:datafield>
    <marc:datafield ind1=" " ind2=" " tag="020">
      <marc:subfield code="a">9783865214270</marc:subfield>
      <marc:subfield code="c">kart. : EUR 12.00, sfr 21.00</marc:subfield>
      <marc:subfield code="9">978-3-86521-427-0</marc:subfield>
    </marc:datafield>
    <marc:datafield ind1=" " ind2=" " tag="020">
      <marc:subfield code="a">3865214274</marc:subfield>
      <marc:subfield code="c">kart. : EUR 12.00, sfr 21.00</marc:subfield>
      <marc:subfield code="9">3-86521-427-4</marc:subfield>
    </marc:datafield>
    <marc:datafield ind1="3" ind2=" " tag="024">
      <marc:subfield code="a">9783865214270</marc:subfield>
    </marc:datafield>
    <marc:datafield ind1=" " ind2=" " tag="035">
      <marc:subfield code="a">(DE-599)DNB982316666</marc:subfield>
    </marc:datafield>
    <marc:datafield ind1=" " ind2=" " tag="035">
      <marc:subfield code="a">(OCoLC)180713662</marc:subfield>
    </marc:datafield>
    <marc:datafield ind1=" " ind2=" " tag="040">
      <marc:subfield code="a">1245</marc:subfield>
      <marc:subfield code="b">ger</marc:subfield>
      <marc:subfield code="c">DE-101</marc:subfield>
      <marc:subfield code="d">9999</marc:subfield>
    </marc:datafield>
    <marc:datafield ind1=" " ind2=" " tag="041">
      <marc:subfield code="a">ger</marc:subfield>
    </marc:datafield>
    <marc:datafield ind1=" " ind2=" " tag="044">
      <marc:subfield code="c">XA-DE-NI</marc:subfield>
    </marc:datafield>
    <marc:datafield ind1="0" ind2="4" tag="082">
      <marc:subfield code="8">1\u</marc:subfield>
      <marc:subfield code="a">943.086</marc:subfield>
      <marc:subfield code="q">DE-101</marc:subfield>
      <marc:subfield code="2">22/ger</marc:subfield>
    </marc:datafield>
    <marc:datafield ind1="0" ind2=" " tag="083">
      <marc:subfield code="8">2\u</marc:subfield>
      <marc:subfield code="a">838.91403</marc:subfield>
      <marc:subfield code="q">DE-101</marc:subfield>
      <marc:subfield code="2">22/ger</marc:subfield>
    </marc:datafield>
    <marc:datafield ind1="7" ind2=" " tag="083">
      <marc:subfield code="a">943</marc:subfield>
      <marc:subfield code="a">830</marc:subfield>
      <marc:subfield code="q">DE-101</marc:subfield>
      <marc:subfield code="2">22sdnb</marc:subfield>
    </marc:datafield>
    <marc:datafield ind1=" " ind2=" " tag="085">
      <marc:subfield code="8">1\u</marc:subfield>
      <marc:subfield code="b">943.086</marc:subfield>
    </marc:datafield>
    <marc:datafield ind1=" " ind2=" " tag="085">
      <marc:subfield code="8">2\u</marc:subfield>
      <marc:subfield code="b">838</marc:subfield>
    </marc:datafield>
    <marc:datafield ind1=" " ind2=" " tag="090">
      <marc:subfield code="a">b</marc:subfield>
    </marc:datafield>
    <marc:datafield ind1="0" ind2="0" tag="245">
      <marc:subfield code="a">Ein Buch, ein Bekenntnis</marc:subfield>
      <marc:subfield code="b">die Debatte um Günter Grass' "Beim Häuten der Zwiebel"</marc:subfield>
      <marc:subfield code="c">hrsg. von Martin Kölbel</marc:subfield>
    </marc:datafield>
    <marc:datafield ind1=" " ind2=" " tag="250">
      <marc:subfield code="a">1. Aufl.</marc:subfield>
    </marc:datafield>
    <marc:datafield ind1=" " ind2=" " tag="259">
      <marc:subfield code="a">11</marc:subfield>
    </marc:datafield>
    <marc:datafield ind1=" " ind2="1" tag="264">
      <marc:subfield code="a">Göttingen</marc:subfield>
      <marc:subfield code="b">Steidl</marc:subfield>
      <marc:subfield code="c">2007</marc:subfield>
    </marc:datafield>
    <marc:datafield ind1=" " ind2=" " tag="300">
      <marc:subfield code="a">368 S.</marc:subfield>
      <marc:subfield code="b">Ill.</marc:subfield>
      <marc:subfield code="c">18 cm</marc:subfield>
    </marc:datafield>
    <marc:datafield ind1=" " ind2=" " tag="336">
      <marc:subfield code="a">Text</marc:subfield>
      <marc:subfield code="b">txt</marc:subfield>
      <marc:subfield code="2">rdacontent</marc:subfield>
    </marc:datafield>
    <marc:datafield ind1=" " ind2=" " tag="337">
      <marc:subfield code="a">ohne Hilfsmittel zu benutzen</marc:subfield>
      <marc:subfield code="b">n</marc:subfield>
      <marc:subfield code="2">rdamedia</marc:subfield>
    </marc:datafield>
    <marc:datafield ind1=" " ind2=" " tag="338">
      <marc:subfield code="a">Band</marc:subfield>
      <marc:subfield code="b">nc</marc:subfield>
      <marc:subfield code="2">rdacarrier</marc:subfield>
    </marc:datafield>
    <marc:datafield ind1="1" ind2=" " tag="490">
      <marc:subfield code="a">Steidl-Taschenbuch</marc:subfield>
      <marc:subfield code="v">210</marc:subfield>
    </marc:datafield>
    <marc:datafield ind1="1" ind2="7" tag="600">
      <marc:subfield code="0">(DE-588)118541579</marc:subfield>
      <marc:subfield code="0">http://d-nb.info/gnd/118541579</marc:subfield>
      <marc:subfield code="0">(DE-101)118541579</marc:subfield>
      <marc:subfield code="a">Grass, Günter</marc:subfield>
      <marc:subfield code="d">1927-2015</marc:subfield>
      <marc:subfield code="2">gnd</marc:subfield>
      <marc:subfield code="1p">http://viaf.org/viaf/102319859</marc:subfield>
    </marc:datafield>
    <marc:datafield ind1="1" ind2="7" tag="600">
      <marc:subfield code="0">(DE-588)7548153-4</marc:subfield>
      <marc:subfield code="0">http://d-nb.info/gnd/7548153-4</marc:subfield>
      <marc:subfield code="0">(DE-101)981761658</marc:subfield>
      <marc:subfield code="a">Grass, Günter</marc:subfield>
      <marc:subfield code="d">1927-2015</marc:subfield>
      <marc:subfield code="t">Beim Häuten der Zwiebel</marc:subfield>
      <marc:subfield code="2">gnd</marc:subfield>
      <marc:subfield code="1p">http://viaf.org/viaf/102319859</marc:subfield>
      <marc:subfield code="1w">http://www.wikidata.org/entity/Q814761</marc:subfield>
    </marc:datafield>
    <marc:datafield ind1="2" ind2="7" tag="610">
      <marc:subfield code="0">(DE-588)67738-3</marc:subfield>
      <marc:subfield code="0">http://d-nb.info/gnd/67738-3</marc:subfield>
      <marc:subfield code="0">(DE-101)000677388</marc:subfield>
      <marc:subfield code="a">Waffen-SS</marc:subfield>
      <marc:subfield code="2">gnd</marc:subfield>
    </marc:datafield>
    
    
    
    
    
    <marc:datafield ind1=" " ind2=" " tag="653">
      <marc:subfield code="a">(VLB-PF)BC: Paperback</marc:subfield>
    </marc:datafield>
    <marc:datafield ind1=" " ind2=" " tag="653">
      <marc:subfield code="a">(VLB-WN)2118: TB/Belletristik/Essays, Feuillton, Literaturkritik, Interviews</marc:subfield>
    </marc:datafield>
    
    
    
    
    
    
    
    
    
    
    
    
    
    <marc:datafield ind1="1" ind2=" " tag="700">
      <marc:subfield code="0">(DE-588)132055015</marc:subfield>
      <marc:subfield code="0">http://d-nb.info/gnd/132055015</marc:subfield>
      <marc:subfield code="0">(DE-101)132055015</marc:subfield>
      <marc:subfield code="a">Kölbel, Martin</marc:subfield>
      <marc:subfield code="d">1969-</marc:subfield>
      <marc:subfield code="e">Herausgeber</marc:subfield>
      <marc:subfield code="4">edt</marc:subfield>
      <marc:subfield code="1p">kolbelmartin</marc:subfield>
    </marc:datafield>
    <marc:datafield ind1=" " ind2="0" tag="830">
      <marc:subfield code="a">Steidl-Taschenbuch</marc:subfield>
      <marc:subfield code="v">210</marc:subfield>
      <marc:subfield code="w">(DE-101)018848966</marc:subfield>
      <marc:subfield code="w">(DE-600)1389651-9</marc:subfield>
      <marc:subfield code="9">3210</marc:subfield>
      <marc:subfield code="7">as</marc:subfield>
    </marc:datafield>
    <marc:datafield ind1=" " ind2=" " tag="850">
      <marc:subfield code="a">DE-101a</marc:subfield>
      <marc:subfield code="a">DE-101b</marc:subfield>
    </marc:datafield>
    <marc:datafield ind1="4" ind2="2" tag="856">
      <marc:subfield code="m">V:DE-604</marc:subfield>
      <marc:subfield code="q">application/pdf</marc:subfield>
      <marc:subfield code="u">http://d-nb.info/982316666/04</marc:subfield>
      <marc:subfield code="3">Inhaltsverzeichnis</marc:subfield>
    </marc:datafield>
  </marc:record>